3320 5158
874 209 916 277 39

262 419 347 503 quod
376 427 440 488 est.
455 426 573 506 ,serta‘,
601 421 688 488 arsin
717 427 748 488 et
776 421 914 505 priorem
943 420 1044 487 thesis
1071 424 1194 504 partem
1222 416 1336 502 prioris
1358 417 1480 502 dactyli
1501 417 1534 488 iu

157 609 168 614 ᾖ
262 525 462 592 hemistichio
496 526 598 592 altero
632 515 776 609 occupat.
828 523 950 590 Eodem
983 543 1094 591 versus
1127 524 1197 589 loco
1226 528 1398 606 usurpatur
1427 526 1534 607 ,serta‘

260 629 413 712 11,‚6,32;
448 629 658 712 adjectivum,
693 631 827 710 quocum
860 627 1093 695 substantivum
1132 627 1192 692 hcc
1226 625 1296 693 luco
1333 629 1535 710 conjunctum

261 739 325 817 est,
354 733 387 798 in
412 733 550 817 priorem
572 717 734 817 dactylum
767 733 881 816 prioris
913 730 1105 798 hemistichii
1135 729 1206 813 cogi
1236 750 1300 796 non
1330 734 1468 814 poterat.
1491 769 1533 778 -

261 838 300 920 11,
313 839 343 920 5,
356 839 396 902 97
408 836 605 902 'hexameter
631 857 710 904 voce
740 836 818 903 serti
851 835 1030 928 clauditur,
1064 836 1088 920 l,
1102 836 1132 921 2,
1146 836 1187 901 82
1220 835 1263 900 ab
1292 833 1352 900 hoo
1381 833 1537 901 vocabulo

260 946 461 1025 pentameter
482 940 569 1025 capit
584 940 720 1006 initium.

387 1063 540 1131 Dativum
569 1063 702 1146 pluralis
723 1062 916 1130 substantivi
935 1061 1027 1146 pedis
1047 1060 1212 1148 (pedibus)
1231 1065 1289 1143 ter,
1320 1060 1535 1128 accusativum

260 1166 393 1252 pluralis
415 1167 542 1255 (pedes)
566 1167 682 1252 decies,
705 1165 1076 1248 ablativumsingularis
1093 1164 1204 1252 (pede)
1221 1162 1331 1248 octies,
1352 1163 1536 1247 genetivum

260 1271 394 1355 pluralis
416 1271 560 1355 (pedum)
584 1271 632 1338 bis
649 1272 696 1338 sie
711 1275 844 1354 usurpat
863 1270 1019 1353 Tibullus,
1040 1267 1140 1334 uthis
1158 1268 1286 1335 casibus
1302 1272 1536 1352 pentametrum

261 1375 402 1443 claudat.
448 1375 539 1452 Quae
566 1396 636 1442 cum
655 1376 702 1441 ita
723 1375 797 1459 sint,
820 1374 918 1442 vicies
938 1372 1059 1457 septies
1075 1372 1204 1440 casibus
1226 1371 1422 1440 substantivi
1444 1370 1536 1456 pedis

261 1485 464 1564 pentameter
486 1479 654 1544 clauditur.
699 1482 798 1548 latro
820 1483 1054 1563 pentametrum
1075 1477 1196 1543 formae
1219 1475 1312 1542 huius
1342 1473 1536 1541 substantivi

260 1585 309 1649 bis
332 1589 465 1666 tantum,
488 1583 573 1648 intra
595 1584 813 1649 hexametrum
837 1588 950 1666 quater
972 1580 1185 1648 inveniuntur.
1231 1582 1268 1667 ln
1299 1579 1422 1663 elegiis,
1453 1599 1536 1661 quae

260 1687 420 1770 Sulpiciae
454 1707 593 1752 amorem
627 1693 754 1771 canunt,
788 1708 852 1752 non
885 1686 1046 1752 invenitur
1078 1683 1313 1751 substantivum
1347 1681 1440 1767 pedis
1473 1682 1536 1748 nisi

260 1791 299 1874 Π,
311 1792 341 1872 2,
354 1793 406 1874 22,
430 1810 491 1872 quo
521 1790 591 1856 loeo
614 1789 797 1859 accusativo
827 1789 960 1874 pluralis
990 1789 1083 1854 huius
1112 1787 1306 1855 substantivi
1336 1792 1537 1871 pentameter

260 1893 427 1960 clauditur.
931 1901 936 1910 '

388 2015 523 2080 Casibus
557 2014 750 2108 substantivi
783 2014 935 2099 temporis
969 2005 1138 2103 (tempora,
1163 2012 1341 2100 temporis),
1368 2013 1396 2080 si
1427 2013 1536 2097 legun-

258 2126 308 2185 tur
342 2119 376 2184 in
410 2120 604 2202 hexametro,
643 2119 779 2185 efficitur
809 2119 956 2204 dactylus
985 2119 1114 2201 quintus
1140 2117 1233 2183 huius
1254 2138 1365 2185 versus
1389 2118 1428 2203 (l,
1441 2120 1471 2202 8,
1483 2119 1535 2200 47,

261 2224 284 2306 l,
298 2226 327 2308 2,
340 2226 370 2308 3,
398 2224 437 2307 ll,
451 2225 481 2305 2,
494 2226 523 2306 7,
547 2223 586 2306 ll,
599 2224 629 2306 5,
642 2224 710 2310 51),
740 2223 774 2288 15
796 2229 1009 2306 pentametro,
1039 2223 1067 2288 si
1089 2222 1214 2288 invenis
1249 2227 1425 2306 tempora,
1463 2226 1536 2305 post

257 2346 423 2394 caesuram
445 2326 552 2411 posita
575 2332 624 2392 est
647 2328 727 2393 haec
749 2347 812 2394 vox
835 2327 874 2415 (l,
888 2329 917 2411 7,
930 2330 981 2410 50,
1004 2326 1131 2410 Π,1,4,
1154 2326 1237 2408 ΙΙ,4,
1252 2326 1316 2412 12).

387 2448 556 2533 ,Rusticus‘
580 2455 714 2531 occupat
737 2449 770 2514 in
792 2454 993 2532 pentametro
1015 2447 1153 2533 priorem
1182 2452 1256 2531 post
1277 2459 1442 2514 caesuram
1464 2447 1537 2513 dae-

258 2553 358 2637 tylum
387 2552 437 2618 his
466 2551 544 2618 locis
576 2554 600 2635 Ι,
613 2556 642 2637 9,
656 2556 685 2636 8,
715 2554 754 2637 ll,
768 2555 797 2638 3,
809 2556 840 2637 4,
870 2553 910 2637 ll,
924 2555 953 2636 1,
965 2554 1017 2635 52,
1048 2553 1198 2635 Π,2,14;
1236 2551 1269 2618 15
1304 2550 1397 2616 initio
1424 2571 1536 2617 versus

259 2656 412 2722 habemus
446 2655 616 2740 ,rusticum‘
652 2658 675 2740 Ι,
693 2659 740 2737 10,
752 2659 804 2741 51,
838 2659 863 2740 1,
877 2659 906 2738 1,
919 2660 953 2741 83
988 2656 1132 2738 quintum
1165 2654 1342 2721 hexametri
1374 2653 1537 2740 dactylum

259 2759 355 2827 efficit
378 2761 402 2842 l,
416 2762 444 2842 1,
458 2761 508 2843 23,
531 2759 571 2842 Π,
586 2763 614 2842 1,
627 2761 679 2843 21,
701 2761 741 2843 ll,
753 2761 784 2844 5,
797 2762 849 2826 85.

388 2881 424 2945 ln
440 2879 599 2964 prioribus
619 2881 660 2947 de
684 2880 906 2965 substantivis,
924 2881 1104 2964 adjectivis,
1120 2879 1228 2948 verbis
1243 2879 1362 2946 dietum
1378 2884 1438 2963 est,
1455 2900 1537 2962 quae

260 2982 380 3050 eisdem
399 3004 510 3050 versus
526 2983 604 3051 locis
623 2984 657 3050 in
672 2984 746 3049 libri
768 2985 813 3049 IV
834 2984 1026 3054 carminibus
1051 2991 1245 3068 usurpantur
1267 2989 1364 3066 atquc
1386 2983 1420 3050 in
1444 2985 1536 3050 libris

260 3088 319 3154 let
330 3088 370 3152 Π.
404 3089 473 3153 Iam
489 3108 565 3156 vero
577 3089 756 3172 speraverit
774 3089 903 3173 aliquis,
922 3110 981 3156 nos
997 3110 1102 3173 pauca
1118 3108 1190 3155 esse
1208 3087 1358 3174 dicturos,
1380 3088 1537 3170 quomodo

261 3190 385 3275 elegiae
409 3197 539 3258 nostrae
564 3193 848 3276 compositionibus
868 3195 1037 3261 verborum
1057 3191 1257 3275 quibusdam,
1281 3211 1429 3259 versuum
1440 3191 1539 3276 parti-

245 3295 330 3390 bus‚
350 3295 484 3380 singulis
504 3296 650 3363 versibus
667 3297 850 3364 memoriam
869 3297 961 3363 nobis
982 3298 1119 3363 afferant
1136 3297 1276 3363 locorum
1295 3316 1371 3363 vere
1386 3295 1535 3360 Tibullia-

260 3419 380 3465 norum.
425 3399 517 3476 Quae
540 3400 599 3466 hoc
621 3401 690 3467 loco
713 3401 989 3467 commemoranda
1010 3421 1082 3467 esse
1110 3400 1269 3485 videntur,
1300 3399 1376 3482 quia
1407 3399 1538 3483 saepius

259 3501 293 3567 in
315 3503 460 3571 versibus
482 3503 555 3569 libri
579 3504 632 3588 lV,
664 3504 718 3586 qui
748 3505 807 3571 bac
835 3505 869 3571 in
898 3525 932 3571 ra
962 3503 1130 3590 spectandi
1161 3509 1244 3588 sunt,
1272 3503 1379 3572 verbis
1402 3503 1539 3586 singulis

262 3607 313 3674 vel
336 3607 619 3692 compositionibus
641 3608 810 3674 verborum
826 3609 970 3675 ‘eaedem
1000 3608 1217 3674 attribuuntur
1245 3608 1279 3673 in
1308 3627 1403 3675 versu
1432 3605 1538 3690 sedes,

261 3730 341 3793 quas
363 3712 484 3778 babent
506 3712 540 3777 in
562 3711 652 3778 libris
675 3713 690 3776 I
714 3719 746 3778 et
768 3713 809 3777 ll.
858 3715 964 3796 Atque
990 3733 1086 3795 quum
1108 3711 1222 3780 Lierse
1245 3733 1295 3796 ca,
1319 3731 1402 3794 quae
1424 3709 1539 3778 iisdem

260 3814 311 3880 vel
334 3813 490 3881 similibus
513 3815 621 3882 verbis
642 3815 783 3882 reddidit
799 3817 945 3883 Tibullus
965 3816 1101 3883 diversis
1123 3817 1212 3901 locis,
1236 3816 1411 3899 collegerit,
1434 3815 1539 3879 itaut

260 3917 380 3982 Tibulli
402 3938 474 3984 esse
496 3926 625 4003 putaret
646 3919 720 3985 libri
742 3920 787 3985 IV
808 3921 940 4004 elegias,
963 3920 1042 3986 nihil
1065 3920 1263 4003 relinquitur,
1294 3919 1357 3985 nisi
1386 3923 1430 4002 ut,
1455 3938 1538 4000 quae

261 4021 379 4088 similia
397 4021 431 4086 in
448 4022 560 4105 elegiis
576 4023 728 4090 librorum
744 4025 797 4107 lV,
810 4025 835 4108 I,
849 4025 1046 4108 llleguntur,
1066 4022 1126 4090 sub
1146 4045 1208 4091 uno
1225 4029 1358 4108 aspectu
1370 4041 1538 4106 ponamus,

412 4126 437 4210 l,
450 4127 480 4210 4,
492 4127 544 4210 49,
561 4127 613 4210 IV,
626 4130 656 4212 3,
669 4129 699 4194 8.
716 4167 757 4176 —
773 4129 797 4212 l,
809 4129 839 4212 4,
852 4130 903 4212 50,
919 4129 1017 4213 17,3,
1031 4131 1081 4196 12.
1106 4169 1147 4177 —
1169 4129 1208 4211 ll,
1220 4132 1251 4212 5,
1263 4129 1315 4211 54,
1333 4127 1387 4211 lV,
1399 4128 1430 4210 2,
1442 4127 1473 4191 4.
1496 4165 1539 4174 -

414 4231 1539 4317 1,8,49‚1V‚4,11.-1,9,80,1V,5,4.-1,10,33,1v‚3‚7.—

414 4334 438 4417 l,
451 4336 481 4418 2,
494 4335 545 4419 87,
573 4335 597 4419 l,
610 4337 640 4419 5,
653 4337 705 4419 69,
729 4337 782 4421 IV,
794 4337 825 4420 2,
837 4339 867 4402 3.
901 4375 942 4384 -
978 4337 1002 4421 Ι,
1015 4339 1045 4422 3,
1057 4338 1109 4420 52,
1140 4337 1195 4421 IV,
1207 4338 1237 4421 4,
1252 4337 1302 4403 14.
1333 4375 1375 4384 -
1405 4335 1430 4418 l,
1443 4336 1473 4419 6,
1486 4335 1538 4416 35,

415 4438 979 4525 Ι7,5,11.-Ι,7,1,17,5,3.-

349 4687 371 4758 ¹)
389 4691 436 4743 ter
453 4692 564 4759 tempus
582 4687 725 4759 significat
743 4686 871 4756 eorporis
889 4688 1012 4756 partem,
1028 4685 1115 4744 semel
1134 4688 1265 4742 aetatem.

1253 4807 1281 4848 a*
