3320 5158
771 182 810 248 11

149 386 248 453 dendi
269 387 302 454 in
324 395 433 472 partes
455 389 571 474 studio,
593 389 689 475 mula,
713 410 797 475 quae
818 411 854 458 re
878 397 911 458 et
932 391 1070 460 veritate
1085 393 1213 478 adsunt,
1229 394 1381 463 discernit
1395 403 1443 466 et.

151 510 236 572 quae
257 512 298 556 ne
319 493 452 559 veniant
472 493 633 560 timentur.
664 551 667 556 .

219 614 244 676 4,
262 615 292 668 9:
309 613 412 670 Sanote
429 615 497 670 veni
514 619 663 687 tecumque
680 615 767 678 ieras,
787 616 955 687 quicumque
973 631 1094 688 sapores

262 700 433 772 Quicumque
451 707 481 758 et
500 706 600 758 mutus
618 717 741 774 corpora
758 702 838 759 fessa
856 703 964 759 levant.

150 803 212 869 Hio
232 805 466 872 medicamenta
486 805 520 872 in
542 825 675 892 sapores
699 812 732 872 et
758 810 870 874 cantus
899 806 1094 874 dividuntur.
1143 807 1326 890 Sequuntur
1354 810 1429 878 loci:

153 911 186 990 5,
210 908 261 991 13,
285 909 335 974 14.
362 948 403 956 -
429 911 464 993 4,
486 911 517 993 5,
540 911 571 976 6.
597 949 640 957 -
669 911 701 993 6,
723 911 754 994 3,
783 911 834 977 14.
878 909 993 994 Neque
1023 910 1126 976 minus
1156 911 1188 976 in
1210 911 1261 977 his
1284 913 1430 980 versibus

150 1009 268 1077 divisio
290 1011 471 1078 sententiae
493 1012 649 1096 bipartite
672 1019 735 1080 est:

219 1135 245 1195 4,
265 1135 311 1189 11:
329 1133 386 1190 Sed
403 1139 506 1198 nmen,
524 1140 557 1190 ut
573 1139 666 1190 tecum
684 1134 778 1198 liceat,
797 1133 941 1206 Cerinthe,
958 1137 1070 1207 vagari,

261 1219 330 1289 Ipsa
348 1236 403 1290 ego
421 1236 475 1289 per
492 1225 604 1278 montes
621 1221 697 1278 retia
714 1225 792 1278 torta
809 1220 908 1284 feram.

261 1306 331 1376 Ipsa
348 1322 403 1376 ego
421 1308 530 1363 velocis
549 1322 685 1378 quaeram
702 1308 829 1378 vestigia
846 1308 926 1365 cervi

264 1393 303 1447 Et
321 1394 431 1450 demam
449 1394 537 1450 celeri
554 1394 651 1451 ferrea
669 1395 764 1450 vinela
783 1394 854 1450 caui.

153 1515 345 1579 quamquam
366 1497 509 1563 membra
529 1496 679 1565 hocloco
702 1537 743 1546 -
763 1497 799 1563 id
822 1497 907 1580 quod
928 1497 1016 1582 apud
1037 1498 1199 1564 Tibullum
1221 1499 1323 1568 rarius
1346 1502 1432 1570 inve-

153 1602 309 1667 nitur-
339 1601 489 1683 aequalia
517 1623 581 1669 non
610 1608 694 1685 sunt,
725 1602 827 1668 altero
855 1606 1099 1686 pentametrum,
1129 1604 1231 1669 altero
1261 1604 1431 1672 distichum

153 1711 255 1771 toturn
288 1705 511 1788 amplectente.
554 1706 669 1788 Neque
691 1705 741 1771 his
770 1704 877 1773 verbis
908 1705 1081 1789 quidquam
1110 1706 1199 1772 aliud
1228 1707 1335 1775 dicere
1364 1711 1432 1778 vult

153 1809 298 1874 Tibullus
325 1808 386 1873 nisi
409 1808 592 1893 Sulpiciam,
619 1810 648 1875 si
668 1809 765 1876 liceat
787 1828 858 1875 oum
881 1808 1030 1875 Cerintho
1052 1815 1202 1877 venatum
1222 1811 1279 1895 ire,
1302 1815 1433 1896 negotia

153 1912 332 1996 venatoria,
360 1912 475 1994 quibus
498 1913 584 2002 servi
606 1932 760 1998 praeesse
782 1912 918 1996 soleant,
941 1912 1044 1996 ipsam
1067 1932 1178 1980 curare
1201 1915 1295 1982 velle.
1340 1915 1431 1994 Quae

152 2016 202 2082 ita
227 2016 473 2100 distinguuntur,
503 2022 538 2081 ut
568 2036 639 2082 eum
667 2016 750 2082 retia
785 2034 844 2100 per
878 2021 1002 2082 montes
1036 2016 1169 2083 ferenda
1197 2023 1265 2083 tum
1293 2017 1432 2103 vestigia

153 2119 241 2187 cervi
261 2119 380 2187 velocis
404 2118 588 2201 quaerenda
610 2119 820 2202 custodiaque
842 2139 956 2186 eanum
977 2127 1268 2186 commemorentur.

281 2241 395 2323 Neque
418 2240 626 2307 omittendum
648 2246 708 2325 est,
734 2261 805 2307 cum
826 2240 972 2306 Tibullus
994 2243 1124 2325 saepius
1147 2242 1180 2308 in
1203 2243 1285 2308 libro
1309 2243 1325 2308 I
1349 2249 1381 2310 et
1403 2245 1433 2308 ll

154 2345 263 2414 verbis
288 2344 422 2428 siugulis
446 2345 548 2411 altero
575 2344 670 2412 alteri
695 2343 852 2428 oppositis
879 2344 936 2411 has
963 2343 1138 2412 divisiones
1169 2347 1432 2432 corroboraverit,

153 2451 189 2516 in
211 2447 334 2533 elegiis,
357 2448 397 2513 de
421 2448 534 2530 quibus
556 2450 672 2535 agitur,
694 2448 788 2515 huius
810 2447 937 2515 artificii
960 2450 1139 2534 exemplum
1160 2449 1297 2518 inveniri
1324 2451 1434 2518 carmi-

154 2552 207 2620 nis
230 2550 316 2617 tcrtii
338 2551 444 2618 verbis
466 2551 530 2618 his:

267 2655 336 2722 Quis
353 2654 433 2712 furor
450 2660 503 2720 est,
522 2671 596 2727 quae
614 2671 702 2719 mene,
721 2656 826 2713 densos
844 2655 978 2726 indagine
998 2657 1087 2714 eolles

268 2742 454 2798 claudentem
470 2746 587 2799 teneras
605 2742 722 2798 laedere
740 2743 817 2799 velle
836 2742 954 2797 manns?

266 2828 378 2895 Quidve
395 2829 477 2884 iuvat
493 2828 590 2884 furtim
607 2829 736 2885 latebras
754 2829 862 2884 intrare
880 2827 1004 2884 ferarum

267 2915 453 2985 Candidaque
471 2914 592 2971 hamatis
611 2930 695 2972 crura
711 2921 810 2972 notare
828 2914 931 2971 rubis?

159 3017 262 3095 Quem
282 3019 386 3085 locum
407 3018 436 3085 si
458 3019 603 3086 conferas
626 3039 696 3086 cum
717 3019 838 3085 Tibulli
860 3020 884 3104 l,
900 3019 931 3104 4,
947 3019 999 3103 47,
1022 3019 1087 3086 iarn
1108 3017 1281 3105 intelligas,
1303 3023 1435 3104 propter

156 3122 405 3189 concinnitatem
428 3122 595 3190 divisionis
617 3124 670 3190 hic
691 3123 832 3208 corporis
847 3124 1000 3209 membra,
1021 3142 1105 3205 quae
1127 3123 1339 3208 nominantur,
1363 3143 1435 3191 esee

156 3231 292 3292 mutata.

291 3347 382 3424 Quae
405 3367 475 3415 eum
497 3347 544 3413 ita
575 3348 649 3432 sint,
681 3367 763 3431 quae
785 3348 904 3415 Dissen
925 3346 1006 3412 dixit
1028 3347 1048 3412 l.
1072 3369 1098 3414 o.
1121 3365 1153 3431 p.
1172 3347 1346 3432 CXXVIII,
1375 3348 1436 3416 hoc

158 3450 293 3518 artifieio
320 3451 481 3517 Tibullum
506 3472 598 3518 usum
624 3472 696 3520 esse
722 3459 757 3517 ut
783 3454 881 3519 alium
905 3449 1073 3536 nerninem,
1100 3450 1134 3516 in
1164 3451 1285 3535 elegias
1309 3470 1435 3535 quoque

159 3555 265 3638 quarti
280 3555 353 3620 libri
368 3556 483 3623 cadere
498 3557 617 3623 clarum
633 3563 692 3642 est,
708 3555 764 3641 ita,
780 3563 815 3622 ut
832 3555 981 3640 earmina,
998 3554 1039 3622 de
1056 3554 1171 3638 quibus
1192 3555 1308 3640 agitur,
1320 3554 1435 3623 eeterIs

158 3680 180 3724 a
202 3659 329 3726 Tibullo
351 3659 477 3744 scriptis
500 3659 661 3732 simillima
684 3679 756 3726 esse
778 3661 900 3729 videas.

287 3780 446 3865 Sequitur,
473 3787 508 3846 ut
529 3782 572 3848 de
593 3781 658 3849 alio
680 3781 825 3868 artificio,
852 3801 915 3865 quo
936 3800 1114 3848 sermonem
1140 3778 1316 3865 simplicem
1338 3785 1437 3864 atque

158 3885 361 3970 perspicuum
383 3885 489 3953 reddit
511 3887 618 3972 poeta,
641 3885 775 3953 dicatur.

288 4006 455 4073 Sententia
484 4007 578 4091 enim,
608 4027 703 4090 quam
731 4008 864 4092 protulit
892 4009 990 4092 polita
1018 4007 1053 4073 in
1081 4007 1277 4092 hexametro,
1306 4006 1436 4091 saepius

159 4110 371 4195 amplificatur
392 4116 592 4195 pentametro
615 4111 809 4177 seutentiam
831 4111 1007 4179 hexametri
1029 4110 1102 4178 aliis
1131 4109 1239 4178 verbis
1260 4115 1437 4195 repetente.

159 4215 234 4282 Jam
254 4214 355 4299 vides,
377 4235 436 4281 noe
458 4213 500 4280 de
522 4213 645 4282 ratione
667 4214 723 4281 illa
751 4215 835 4283 inter
857 4215 1051 4284 senteutiam
1072 4213 1249 4281 hexametri
1271 4218 1304 4280 et
1325 4218 1438 4299 penta-

159 4318 253 4385 metri
273 4317 493 4384 intercedente
511 4337 618 4402 agere,
639 4337 734 4401 quam
753 4318 791 4385 Ο.
811 4319 943 4403 Gruppe
962 4339 1032 4385 curn
1051 4318 1268 4402 parallelismo
1287 4317 1353 4402 illo,
1374 4337 1437 4401 quo

160 4421 304 4488 abundat
335 4420 443 4507 po'e'sis
471 4420 641 4505 Hebraico,
665 4421 840 4488 rectissime
866 4421 1072 4507 comparavit.
1116 4423 1230 4505 Neque
1257 4421 1318 4488 hae
1341 4420 1377 4487 in
1402 4441 1437 4489 re

161 4523 334 4608 quidquam
356 4524 513 4591 interesse
534 4523 618 4590 iuter
643 4525 742 4591 libros
766 4525 781 4589 l
803 4533 835 4592 et
858 4527 888 4590 H
910 4525 1096 4611 elegiasque
1117 4525 1190 4592 libri
1206 4525 1251 4591 IV
1269 4523 1438 4593 dicendum

162 4634 222 4697 eet.
266 4629 351 4696 Nam
372 4628 424 4696 hic
446 4646 572 4712 quoque
594 4627 799 4714 amplificatio
822 4635 872 4698 est
892 4629 1139 4716 simplicissima.
1176 4628 1304 4698 Deinde
1324 4627 1439 4698 fermu-
