3320 5158
758 233 799 300 28

143 440 202 525 vis,
223 461 317 524 quam
337 439 434 506 habet
452 437 486 506 in
502 438 774 508 enuntiationibus
790 439 854 507 illis
870 439 964 526 ,urit‘,
980 440 1123 526 spondeo
1143 441 1281 508 effertur.
1318 441 1421 508 Simili

143 545 236 611 modo
266 545 443 630 spondeum
476 543 509 610 in
537 565 648 612 versus
677 545 769 612 initio
799 547 987 613 collocatum
1023 545 1215 630 interpretor
1243 547 1298 631 lV,
1320 548 1351 632 2,
1367 549 1419 632 21,

144 651 237 734 lV,5‚
246 652 276 734 3,
299 650 453 734 lV,6,11,
477 649 609 733 lv,7,1,
632 650 764 734 IV,7,3.
799 650 925 716 Deinde
941 650 1065 734 pondus
1081 671 1145 716 non
1160 669 1292 736 parvum
1304 652 1422 736 cogita

141 753 232 837 tioni,
249 773 331 836 quae
346 754 492 820 versibus
506 754 559 837 lV,
571 755 601 838 4,
616 756 654 820 17
671 760 704 819 et
722 756 760 820 18
771 753 866 839 inest,
878 754 985 821 sensui
998 772 1145 823 versuum
1156 757 1196 821 21
1210 760 1242 821 et
1253 757 1295 822 22
1310 795 1353 804 -
1364 758 1420 839 qui

140 865 226 924 recte
245 862 320 923 ante
339 877 451 924 versus
471 861 510 926 17
530 865 562 924 et
587 859 625 924 18
645 861 839 946 ponunturl)
865 895 905 908 -
923 858 1102 924 contrariae
1121 858 1246 925 accedit
1272 861 1417 943 spondeo

141 960 242 1044 primo
262 980 373 1028 versus
396 963 465 1028 loco
488 961 603 1046 posito.
637 961 712 1028 Pari
733 962 827 1028 modo
850 962 1011 1046 spondeus
1033 961 1067 1028 in
1089 961 1235 1030 versibus
1259 964 1355 1048 1V,5,
1368 967 1419 1049 11,

142 1065 195 1148 lV,
209 1068 238 1148 Ι,
251 1068 281 1148 9,
305 1066 435 1149 1V,6,7
458 1070 629 1150 usurpatus
653 1085 725 1132 esse
748 1065 883 1132 videtur.
928 1067 1034 1149 Atque
1052 1066 1085 1132 in
1104 1067 1184 1150 loco,
1204 1086 1299 1149 quem
1318 1073 1420 1134 extre-

140 1189 226 1233 mum
253 1169 576 1253 commemoravimus,
608 1169 788 1236 memineris
813 1189 943 1254 quaeso,
973 1169 1060 1235 haud
1085 1189 1158 1236 raro
1181 1169 1326 1236 inlibris
1351 1172 1419 1239 let

141 1272 170 1337 Π
200 1273 403 1339 hexametros
436 1274 601 1340 vocabulis
632 1281 677 1358 ,at
698 1279 743 1338 tu‘
773 1274 963 1358 incipientes
997 1271 1142 1341 inveniri.
1187 1273 1335 1358 Denique
1356 1276 1418 1342 loci

140 1377 238 1460 lua,
253 1379 302 1460 19,
325 1377 380 1460 lV,
393 1379 423 1460 3,
436 1379 487 1459 21,
512 1379 640 1462 lV,4,7
663 1382 864 1461 excusantur,
889 1378 974 1460 quod
1003 1377 1052 1444 vis
1075 1377 1234 1460 quaedam
1263 1381 1419 1463 pronomi-

141 1481 233 1546 nibus
253 1481 316 1547 illis
339 1482 474 1564 apodta
493 1481 613 1547 tributa
632 1502 703 1548 esse
726 1481 860 1549 videtur.
905 1483 1011 1564 Atque
1033 1502 1153 1548 memor
1170 1482 1215 1548 sis
1239 1482 1343 1567 velim,
1365 1484 1417 1548 Ti-

140 1585 259 1650 bullnm
283 1591 315 1651 ct
347 1587 370 1669 l,
384 1588 413 1668 1,
428 1586 468 1651 13
490 1591 522 1650 et
545 1585 584 1669 ΙΙ,
596 1587 626 1669 4,
639 1587 680 1652 35
710 1585 781 1670 pari
811 1585 905 1651 modo
937 1584 971 1651 in
1004 1586 1181 1652 hexametri
1213 1587 1305 1653 initio
1338 1588 1418 1655 haec

139 1688 327 1773 pronomina
349 1688 505 1773 posuisse.

268 1793 438 1875 Reliquum
479 1798 538 1877 est,
575 1799 610 1858 ut
648 1793 782 1877 dicatur,
819 1793 923 1876 quarti
960 1793 1033 1858 libri
1074 1793 1205 1878 elegias,
1247 1795 1332 1877 quod
1373 1795 1415 1862 ad

139 1897 222 1963 hanc
255 1897 388 1964 formam
423 1898 548 1982 attinet,
586 1898 670 1965 inter
706 1917 741 1963 se
774 1896 912 1964 differre.
976 1900 1081 1980 Atque
1110 1899 1143 1965 in
1172 1899 1278 1983 elegia
1314 1900 1417 1966 altera

140 2000 308 2082 quinquies
331 2000 377 2066 sic
399 2001 593 2087 hexameter,
610 2001 643 2066 in
663 2008 778 2083 quarta
794 2007 826 2066 et
848 2001 985 2085 septima
1001 2007 1051 2068 ter
1069 2001 1200 2087 orditur,
1223 2003 1415 2072 carminibus

140 2105 250 2186 quinto
274 2110 306 2170 et
328 2111 421 2171 sexto
444 2106 536 2171 binos
558 2110 682 2170 tantum
704 2103 906 2172 hexametros
929 2105 975 2172 sic
1004 2106 1167 2190 formatos,
1195 2107 1290 2173 tertio
1320 2127 1417 2174 nnnm

138 2208 378 2294 praebentibus.
425 2209 527 2292 lgitur
554 2215 640 2276 certe
659 2230 724 2275 non
742 2208 872 2293 habent,
897 2209 982 2291 quod
1004 2210 1144 2277 carmina
1166 2212 1303 2296 tertium,
1328 2213 1416 2294 qnin-

138 2320 214 2396 tum,
237 2319 361 2378 sextum
384 2335 404 2378 a
426 2313 554 2379 Tibullo
577 2313 772 2396 abjudicent.

266 2417 427 2498 Sequitur,
465 2424 502 2484 ut
539 2417 579 2482 de
617 2416 809 2501 pentametri
846 2423 1004 2482 stmctnra
1036 2421 1191 2504 agemal)
1227 2420 1331 2502 Atque
1371 2418 1414 2484 ad

138 2521 271 2604 liguram
293 2561 513 2582 ------
535 2520 728 2605 pentametri
750 2520 876 2587 initium
898 2521 1016 2587 sactum
1039 2527 1088 2588 est
1109 2522 1143 2590 in
1162 2523 1263 2589 altero
1287 2541 1413 2606 quoquc

138 2645 242 2692 versu.
282 2625 438 2709 Formam,
462 2645 545 2707 qnae
565 2645 605 2691 ex
623 2625 718 2691 meris
738 2624 877 2710 dactylis
901 2632 1037 2710 constat,
1062 2632 1176 2708 quarta
1197 2631 1413 2708 pentametro-

137 2749 205 2794 rnm
226 2749 301 2813 pars
323 2730 358 2794 in
379 2729 461 2795 libro
484 2731 509 2813 I,
532 2731 566 2795 in
588 2729 670 2795 libro
693 2729 725 2793 ll
748 2730 869 2813 quinta,
892 2729 926 2795 in
949 2730 1061 2814 elegiis
1084 2727 1157 2792 libri
1181 2727 1224 2792 1v
1242 2733 1335 2793 sexta
1357 2729 1409 2794 vel

138 2833 249 2915 quinta
278 2833 319 2922 (si
341 2833 414 2898 libri
436 2834 568 2900 alterius
592 2853 720 2900 carmen
742 2834 877 2900 alterum
905 2833 1111 2922 adnumeres)
1141 2830 1294 2914 sequitur.
1340 2831 1412 2908 Qua

138 2939 171 3002 in
197 2957 232 3002 re
257 2935 395 3003 Eichner
420 2959 484 3003 non
514 2942 600 3004 recte
630 2943 777 3021 annotat,
809 2937 842 3004 in
868 2937 950 3004 libro
975 2937 1018 3001 lV
1047 2936 1217 3020 septimum
1253 2955 1413 3018 quemque

137 3045 369 3125 pentametmm
392 3041 435 3106 ad
457 3041 540 3106 hanc
562 3061 704 3108 normam
726 3061 797 3108 esse
820 3040 1040 3125 compositum.
1083 3037 1210 3104 Deinde
1229 3039 1412 3126 zingerle³)

138 3143 378 3229 demonstravit,
401 3165 450 3230 ea,
476 3165 558 3227 quae
581 3145 712 3228 protulit
731 3145 870 3212 Eichner
895 3145 935 3209 de
954 3141 1163 3227 pentametris
1182 3142 1255 3227 illis,
1279 3161 1412 3224 quornm

136 3249 260 3315 initium
283 3247 406 3315 dnobus
429 3249 581 3334 spondeis
599 3249 745 3334 efficitur,
767 3269 831 3316 non
847 3254 933 3315 recte
953 3246 1026 3330 dici,
1050 3265 1146 3328 quum
1164 3246 1198 3312 in
1213 3247 1295 3312 libro
1310 3245 1412 3330 primo

137 3359 281 3438 octavae,
310 3354 345 3418 in
374 3354 475 3419 altero
497 3353 662 3438 septimus,
690 3353 725 3417 in
754 3352 828 3418 libri
859 3351 964 3436 quarti
986 3350 1100 3436 elegiis
1130 3345 1281 3435 adjuncto
1311 3351 1413 3417 altero

135 3458 209 3522 libri
235 3458 366 3524 alterius
395 3457 534 3541 elegidio
561 3462 671 3523 sextus
702 3456 837 3540 quisque
866 3462 1068 3541 pentameter
1096 3475 1208 3521 norma
1229 3495 1293 3506 --
1310 3493 1413 3518 --,-

136 3568 293 3628 teneatur.
338 3562 412 3627 lam
433 3560 474 3626 de
496 3561 632 3628 formula
646 3601 869 3622 ------
885 3560 1053 3626 dicendum
1071 3565 1130 3626 est.
1175 3559 1266 3636 Quae
1281 3561 1411 3645 saepius

136 3672 308 3750 usurpatur
329 3665 362 3731 in
384 3665 466 3731 libro
490 3666 534 3731 IV
558 3685 653 3748 quam
675 3666 708 3732 in
730 3666 821 3731 libris
844 3667 858 3728 l
882 3669 914 3730 et
937 3664 979 3746 ΙΙ,
1011 3681 1107 3744 quum
1128 3663 1162 3727 in
1184 3662 1266 3729 libro
1292 3664 1303 3728 l
1327 3663 1412 3731 inter

136 3771 232 3836 unum
256 3775 288 3837 et
310 3770 425 3854 viginti
448 3775 676 3854 pentametros,
699 3769 732 3835 in
755 3771 857 3838 altero
879 3768 963 3837 inter
981 3765 1123 3850 triginta,
1146 3765 1180 3831 in
1200 3773 1313 3848 quarto
1329 3767 1413 3835 inter

137 3895 194 3941 sex
207 3876 259 3942 vel
270 3875 388 3957 (altera
398 3874 472 3940 libri
485 3873 616 3940 alterins
633 3874 739 3958 elegia
755 3873 922 3957 adjuncta)
938 3877 1062 3955 septem
1073 3869 1191 3954 singuli
1208 3869 1413 3938 inveniantur

134 3980 218 4045 hanc
247 3979 414 4045 formulam
446 3979 644 4046 exhibentes.
702 3978 906 4062 Quapropter
928 3975 1087 4040 Tibullum
1110 3975 1168 4041 has
1196 3976 1318 4059 elegias
1347 3996 1410 4042 non

135 4083 312 4167 scripsisse,
343 4082 459 4150 dixerit
486 4083 612 4165 aliquis.
658 4081 723 4148 Sed
745 4087 851 4148 tecum
878 4084 1009 4164 reputes
1039 4078 1145 4163 velim,
1174 4079 1209 4143 in
1239 4077 1295 4163 eis,
1327 4099 1432 4162 quae.

135 4194 208 4253 sunt
233 4187 390 4272 gravioris
416 4187 577 4272 momenti,
605 4187 720 4253 librum
743 4186 788 4250 IV
810 4207 875 4252 non
900 4181 1051 4250 recedere
1074 4203 1094 4248 a
1117 4182 1242 4266 ceteris,
1270 4183 1329 4249 sed
1351 4185 1411 4250 hac

134 4297 258 4358 tantum
280 4291 313 4356 in
335 4292 471 4358 formula
492 4291 662 4358 discrimen
688 4289 787 4357 statui
814 4309 921 4375 posse.
967 4286 1061 4364 Quod
1091 4307 1155 4353 non
1184 4291 1309 4352 tantum
1339 4307 1411 4354 esse

221 4539 243 4608 ¹)
262 4537 297 4594 cl.
316 4539 347 4593 L.
366 4539 493 4607 Mueller,
512 4537 557 4594 ed.
575 4537 642 4593 Tib.
660 4536 751 4606 praef.
771 4552 798 4607 p.
817 4533 919 4592 XXVI.

220 4626 243 4695 ²)
263 4624 297 4681 cf.
317 4625 448 4695 Eichner,
467 4625 535 4679 diss.
555 4639 580 4694 p.
601 4625 643 4678 64.

224 4712 248 4783 ³)
268 4713 302 4768 cl.
322 4711 462 4782 Zingerle,
474 4711 624 4768 Wolteres
641 4727 669 4782 p.
688 4711 729 4766 76.
