3320 5158
677 241 880 342 „m-

145 446 287 515 car'mina
306 445 381 511 libri
402 447 447 512 lv
469 465 541 516 esse
563 451 748 534 composita.
793 453 893 519 lmrno
914 452 999 520 idem
1021 452 1161 520 studium
1190 471 1301 520 versus
1325 471 1420 535 quam

145 549 383 635 elegantissime
399 551 556 618 condendi
573 573 668 636 quum
686 555 738 642 hic
749 562 846 641 atque
858 557 924 624 illic
935 563 1153 642 cognoscatur,
1170 561 1203 622 et
1220 554 1294 621 libri
1315 555 1420 638 quarti
1454 617 1456 620 .

146 660 180 722 et
200 655 351 720 librorum
375 655 468 738 primi
487 656 682 740 alteriusque
704 662 845 728 carmina
864 662 1008 745 profecta
1028 681 1099 728 esse
1122 660 1270 728 videntur
1292 660 1333 726 ab
1357 680 1421 726 uno

146 759 321 842 eodemque
350 761 457 845 poita,
491 760 542 826 cui
574 761 608 826 in
637 763 697 829 hac
727 766 899 833 carminum
928 786 1055 832 suorum
1085 771 1178 850 parte
1208 763 1352 848 contigit,
1386 769 1421 828 ut
1513 766 1518 773 “

144 863 274 930 duriora
294 863 462 947 quaedam,
481 885 563 947 quae
579 866 661 932 alias
678 889 772 951 quam
789 869 951 936 rarissime
961 875 1109 954 usurpat,
1126 886 1256 954 prorsus
1273 867 1419 936 evitaret.

273 969 396 1054 Restat,
419 975 454 1036 ut
475 979 745 1058 commemoretur,
767 974 907 1041 Eichner
929 973 1149 1056 quaestionem
1178 973 1219 1039 de
1241 972 1313 1057 pari
1334 971 1422 1038 exitu

147 1092 273 1156 quoque
306 1079 338 1140 et
371 1073 485 1158 prioris
519 1080 551 1141 et
584 1076 716 1144 alterius
749 1077 941 1144 hemistichii
973 1076 1166 1163 pentametri
1198 1075 1421 1168 instituisse-¹)

146 1177 273 1248 Invenit
303 1177 401 1263 enim,
431 1177 582 1246 inlibris
612 1181 683 1247 Iet
705 1182 735 1246 11
760 1187 928 1266 utrumque
964 1180 1158 1266 pentametri
1190 1180 1421 1248 hemistichium

146 1281 325 1366 quinquies,
354 1282 388 1347 in
416 1282 497 1350 libro
520 1284 566 1350 IV
588 1291 701 1368 quater
722 1285 858 1353 iambice
884 1284 976 1351 finiri.
1021 1285 1225 1370 Quapropter
1247 1305 1347 1368 quum
1363 1306 1420 1370 pro

146 1387 277 1452 numero
303 1384 508 1453 distichorum
531 1389 660 1472 saepius
679 1396 849 1474 usurpetur
867 1390 900 1458 in
918 1390 1066 1457 libro'IV
1084 1389 1239 1457 iambicus
1258 1388 1422 1472 utriusque

147 1489 339 1557 hemistichii
371 1491 486 1575 exitus,
521 1492 660 1577 elegidia
693 1514 834 1560 amorem
867 1493 1029 1578 Sulpiciae
1063 1493 1213 1562 canentia
1246 1515 1266 1560 a
1294 1493 1422 1560 Tibullo

148 1593 268 1678 scripta
300 1615 372 1661 esse
405 1615 524 1680 negare
557 1597 692 1664 videtur.
747 1598 812 1664 Sed
841 1599 912 1683 loci,
943 1597 997 1681 qui
1026 1599 1175 1682 leguntur
1203 1597 1237 1664 in
1264 1597 1347 1663 libro
1369 1599 1422 1682 IV,

149 1697 262 1764 eodem
295 1700 388 1766 modo
422 1702 576 1769 excusari
601 1709 744 1788 possunt,
776 1723 837 1786 quo
867 1702 1019 1768 librorum
1047 1703 1062 1766 Ι
1089 1706 1121 1768 et
1148 1703 1178 1767 Π
1207 1707 1423 1786 pentametros

149 1801 221 1868 illos
244 1810 386 1870 excusat.
431 1806 501 1874 Huc
522 1807 656 1892 accedit,
681 1807 767 1890 quod
788 1806 934 1873 Tibullus
956 1805 1102 1872 inlibris
1124 1806 1188 1872 let
1206 1806 1237 1870 ll
1259 1811 1426 1888 utrumque

148 1907 340 1990 pentametri
369 1908 601 1976 hemistichium
630 1917 680 1977 ter
706 1910 923 1994 anapaestico,
954 1915 1004 1976 ter
1033 1909 1246 1976 choriambice
1274 1909 1424 1976 claudere

148 2030 212 2074 non
233 2008 436 2097 dubitavit‘t),
461 2033 653 2098 quamquam
675 2014 839 2097 utriusque
866 2009 1060 2080 hemistichii
1090 2012 1194 2080 exitus
1226 2018 1258 2079 et
1286 2032 1423 2097 anapae-

149 2112 247 2180 sticus
263 2120 296 2180 et
307 2115 537 2185 choriambicus
549 2119 637 2204 apud
651 2120 764 2203 politas
776 2114 1043 2201 intelligentiores
1059 2116 1158 2183 multo
1175 2116 1277 2183 rarius
1295 2115 1423 2201 legitur.

149 2218 264 2301 Neque
290 2219 351 2287 hoc
379 2229 566 2306 argumento
596 2223 797 2307 adducimur,
831 2227 866 2288 ut
898 2220 974 2287 libri
1003 2222 1048 2287 lV
1077 2220 1218 2306 elegidia
1246 2242 1267 2287 a
1297 2220 1424 2287 Tibullo

150 2324 379 2408 abjudicemus.

277 2428 380 2513 lgitur
416 2435 539 2496 tantum
569 2432 673 2515 abest,
705 2436 741 2496 ut
771 2428 1014 2513 quaestionibus
1053 2428 1136 2514 illis,
1172 2447 1251 2512 quas
1286 2426 1424 2494 institnit

151 2531 304 2617 Eichner,
338 2534 474 2618 permoti
506 2535 580 2601 libri
613 2536 658 2600 lV
690 2535 812 2618 elegias
842 2535 883 2600 ab
921 2534 985 2601 alio
1023 2535 1120 2618 poita
1157 2532 1317 2618 profectas
1354 2551 1427 2599 esse

151 2642 308 2722 putemus,
330 2644 366 2702 ut
387 2639 544 2722 miremur,
567 2639 705 2706 Eichncr
723 2639 764 2704 de
783 2637 945 2704 sententia
962 2657 1022 2704 sua
1041 2658 1105 2703 non
1124 2637 1311 2720 decessisse,
1332 2656 1427 2720 quum

151 2741 219 2808 tere
239 2741 385 2808 omnibns
401 2742 496 2808 rebus
512 2742 586 2809 libri
603 2744 709 2827 quarti
725 2742 848 2826 elegias
865 2760 935 2809 cum
951 2741 1142 2808 carminibus
1158 2738 1311 2808 librorum
1326 2740 1386 2806 let
1396 2738 1426 2802 Il

151 2865 326 2930 congruere
348 2846 419 2930 ipse
441 2847 716 2914 demonstraverit.
762 2847 851 2914 Haec
872 2846 1037 2913 hactenus.

280 2951 353 3017 Jam
374 2951 409 3018 in
431 2972 469 3018 eo
492 2957 550 3035 est,
581 2957 617 3017 ut
638 2951 790 3036 dicamus,
813 2950 974 3017 Tibullum
1004 2969 1142 3035 amasse,
1172 2949 1278 3019 verbis
1302 2946 1429 3031 quibus-

153 3054 227 3122 dam
250 3056 344 3123 certis
367 3075 477 3124 versus
499 3056 578 3123 locis
601 3055 658 3122 uti.
699 3055 791 3132 Quae
813 3075 884 3122 cum
904 3054 1019 3122 iisdem
1041 3072 1153 3118 versus
1175 3050 1253 3116 locis
1276 3068 1428 3131 usurpen-

153 3168 204 3226 tur
225 3161 258 3228 in
279 3161 370 3226 libris
393 3161 407 3225 l
431 3166 464 3226 et
485 3160 515 3224 Π
538 3159 653 3243 quibus
675 3159 709 3227 in
730 3161 784 3244 lV,
815 3161 857 3226 ab
880 3180 943 3226 uno
966 3155 1144 3238 codemque
1173 3153 1271 3238 potita
1293 3157 1326 3217 et
1347 3150 1429 3215 liber

153 3267 198 3332 IV
221 3271 253 3331 et
275 3272 383 3332 cetera
408 3265 549 3332 carmina
575 3265 719 3349 profecta
749 3285 822 3333 esse
850 3263 1008 3333 videntur.
1053 3261 1105 3326 Ne
1135 3258 1205 3342 quis
1235 3254 1332 3338 dicat,
1361 3251 1430 3319 fieri

153 3370 306 3458 potuisse,
330 3375 364 3435 ut
386 3370 469 3437 alius
490 3371 587 3454 potita
609 3369 669 3435 hac
691 3369 725 3435 in
746 3389 781 3436 re
807 3368 962 3435 imitando
988 3367 1237 3447 consequeretur
1258 3358 1430 3440 Tibullum,

155 3477 289 3562 primum
312 3475 440 3559 quidem
461 3474 522 3540 loci
544 3473 591 3539 illi
614 3472 879 3540 commemorandi
901 3491 974 3538 esse
1001 3470 1160 3551 videntur,
1188 3466 1222 3532 in
1252 3463 1368 3548 quibus
1396 3461 1430 3526 in

153 3581 243 3648 libris
277 3581 347 3646 let
369 3579 399 3644 ll
425 3577 563 3645 omnium
592 3597 749 3644 consensu
779 3597 855 3646 vere
881 3573 1073 3640 Tibullianis
1102 3591 1198 3656 pares
1229 3587 1340 3636 versus
1369 3563 1430 3631 loci

156 3685 262 3756 verbis
287 3683 477 3768 quibusdam
498 3683 688 3749 tribuuntur.

282 3792 389 3874 Atque
411 3789 511 3855 utitur
532 3786 714 3856 accusativo
742 3788 788 3874 (et
810 3781 981 3869 singularis
1004 3786 1037 3847 et
1058 3777 1206 3864 pluralis)
1237 3769 1430 3843 substantivi

156 3896 243 3965 senis
266 3895 548 3983 (senem—senes)
570 3894 603 3959 in
624 3892 688 3959 fine
709 3888 901 3977 pentametri
922 3885 1002 3954 locis
1023 3883 1088 3950 his:

258 4001 369 4071 1,‘1,56:
387 4000 428 4055 ht
445 3999 499 4056 tibi
517 4002 683 4056 succrescat
699 3997 806 4068 proles,
825 4009 898 4064 quac
917 3990 996 4046 facta
1014 3987 1142 4058 parentis

309 4089 425 4158 Augeat
441 4091 472 4144 et
490 4087 566 4143 circa
583 4089 650 4156 stet,
668 4081 843 4150 venerande,
861 4099 958 4140 scaea.

258 4177 389 4240 1,10,44:
408 4163 454 4230 Sic
474 4190 529 4245 ego
548 4175 608 4236 sim,
627 4173 769 4243 liceatque
789 4173 875 4242 caput
893 4167 1069 4224 candescere
1087 4163 1191 4248 canis,¹

208 4313 210 4319 ,
310 4265 463 4334 Temporis
482 4266 512 4318 et
530 4262 616 4333 prisci
634 4261 712 4316 facta
730 4259 840 4315 referre
858 4275 959 4316 serrem.

260 4355 281 4416 1,
291 4355 316 4415 4,
327 4354 373 4408 80:
392 4352 517 4421 Tempus
537 4343 600 4410 erit,
620 4365 682 4404 cum
699 4363 743 4404 me
761 4346 882 4402 Veneris
900 4347 1058 4416 praecepta
1076 4340 1215 4397 ferentem

310 4440 443 4496 Deducat
459 4438 592 4494 iuvenum
610 4438 711 4494 sedula
728 4435 814 4492 turba
832 4453 930 4494 aecem.

246 4639 267 4709 ¹)
288 4619 323 4694 ci.
343 4635 473 4704 llichner,
493 4634 561 4689 diss.
578 4648 606 4703 p.
627 4633 668 4686 76.

246 4726 269 4797 ²)
288 4727 324 4782 cf.
343 4722 474 4784 Eichner,
495 4721 563 4775 diss.
582 4735 608 4789 p.
627 4721 670 4772 sl.
