3320 5158
736 243 777 311 42

658 337 860 346 -—-——-—-

123 476 187 522 non
221 473 293 522 esse
327 461 470 539 possunt.
526 454 559 519 Si
593 461 701 520 essent
734 456 891 540 epistolae
921 455 1114 541 amatoriae,
1153 456 1298 544 versibus
1332 479 1396 525 non

124 560 243 644 scripta
269 567 386 626 esseut.
432 560 578 624 Ceterum
607 563 731 628 tautum
762 560 864 643 abest,
895 567 929 624 ut
959 581 982 624 a
1009 560 1116 644 puella
1146 560 1226 627 haec
1255 562 1396 628 carmina

122 665 265 747 profecta
281 685 352 730 esse
368 663 546 746 videantur,
568 669 603 728 ut
620 662 727 730 verbis
750 663 928 747 obscoenis,
952 665 1088 746 quaein
1111 665 1250 730 carmine
1272 665 1395 732 decimo

122 769 239 853 insunt,
262 769 496 853 prohibeamur,
530 766 696 849 quominus
720 767 799 834 haec
829 769 969 834 carmina
992 768 1163 852 Sulpiciae,
1194 769 1321 852 puellae
1351 770 1395 835 in-

122 893 256 957 genuae,
279 873 465 938 tribuamus.

249 976 340 1054 Quae
363 997 433 1044 cum
454 977 501 1041 ita
523 976 596 1060 siut,
621 977 752 1060 Gruppe
780 976 899 1043 bacin
927 997 960 1043 re
987 975 1136 1042 assentiri
1164 997 1228 1043 non
1254 997 1393 1061 possum.

123 1083 220 1147 Recte
243 1088 349 1146 autem
372 1080 531 1147 iudicasse
553 1080 630 1144 mibi
652 1080 778 1146 videtur
807 1081 848 1146 de
878 1081 1016 1163 ratione,
1047 1100 1130 1162 quae
1159 1081 1243 1147 inter
1272 1083 1393 1164 elegias

122 1186 203 1251 inde·
220 1186 261 1250 ab
285 1185 387 1250 altera
409 1204 511 1267 usque
534 1184 576 1250 ad
598 1183 767 1268 septimam
790 1191 822 1250 et
844 1185 984 1251 carmina
1006 1184 1081 1250 inde
1097 1187 1138 1250 ab
1158 1192 1271 1252 octavo
1293 1206 1393 1270 usque

122 1291 164 1354 ad
198 1289 418 1378 duodecimum
459 1288 680 1354 intercederet.
726 1289 870 1371 Utraque
907 1289 1080 1355 carminum
1116 1291 1216 1357 series
1254 1293 1295 1358 de
1331 1313 1393 1359 uno

122 1393 297 1476 eodemque
321 1393 462 1458 Corinthi
488 1392 712 1476 Sulpiciaeque
742 1413 849 1458 amore
879 1393 957 1476 agit,
991 1394 1058 1459 fere
1091 1395 1240 1477 graviora
1278 1398 1392 1482 omnia,

123 1518 205 1582 quae
238 1498 270 1563 in
304 1497 416 1580 elegiis
439 1499 521 1563 2--7
552 1497 713 1580 descripta
739 1503 821 1582 sunt,
851 1498 884 1562 in
913 1496 963 1562 his
987 1518 1112 1580 quoque
1135 1501 1327 1567 carminibus
1349 1501 1394 1567 in·

121 1603 299 1670 veniuntur.
349 1601 464 1684 Neque
500 1602 590 1686 litigo
628 1622 698 1668 cum
735 1603 876 1686 Gruppe,
916 1601 1000 1684 quod
1041 1604 1140 1668 multa
1180 1603 1212 1669 in
1248 1605 1298 1671 his
1328 1627 1392 1672 car-

120 1707 257 1772 minibus
286 1705 392 1772 inesse
426 1705 597 1789 existimat,
628 1725 753 1788 quaea
783 1706 937 1773 sermonis
974 1707 1137 1790 elegantia
1166 1708 1282 1774 absint.
1329 1710 1392 1775 Sed

123 1833 161 1877 ex
190 1811 251 1876 hac
282 1811 437 1876 sermonis
471 1810 590 1874 duritia
622 1830 686 1875 non
719 1817 805 1876 recte
846 1810 972 1877 efficere
1009 1810 1087 1875 mihi
1128 1811 1264 1896 videtur,
1306 1815 1392 1897 puel-

121 1917 184 1981 lam
217 1917 296 1982 baec
322 1915 463 1982 carmina
488 1913 668 1998 scripsisse.
715 1914 777 1979 Cur
802 1914 870 1979 fieri
900 1935 964 1980 non
995 1921 1112 1999 potest,
1147 1920 1181 1981 ut
1217 1917 1266 1984 vir
1295 1918 1393 2001 negli-

121 2022 232 2105 gentia
273 2018 411 2104 quadam
451 2017 531 2083 talia
571 2018 713 2084 scribat?
756 2021 862 2100 Atque
906 2019 1111 2108 Hertzberg1)
1152 2021 1391 2105 demonstravit,

122 2127 252 2210 Gruppe
274 2145 338 2190 non
360 2124 490 2206 habere,
514 2142 568 2188 cur
591 2143 630 2188 ex
650 2123 898 2207 praepositionis
922 2125 983 2209 ,de‘
1006 2144 1074 2208 usu,
1102 2125 1155 2207 qui
1178 2124 1338 2192 invenitur
1359 2125 1392 2190 iu

119 2229 226 2296 verbis
251 2228 355 2316 ,quod
373 2227 437 2292 iam
459 2226 518 2291 tibi
542 2225 582 2291 de
605 2247 654 2292 me
677 2226 852 2310 permittis“
878 2229 1038 2313 conjiciat,
1061 2230 1201 2314 puellam
1223 2229 1305 2296 haec
1327 2250 1391 2296 car-

119 2334 206 2399 mina
239 2331 414 2417 scripsisse.
460 2330 596 2414 Saepius
635 2330 718 2396 enim
754 2333 1027 2417 praepositionem
1061 2333 1122 2417 ,de‘
1157 2332 1245 2418 apud
1278 2334 1390 2417 politas

119 2437 253 2503 Latinos
276 2435 347 2521 pari
369 2435 462 2501 modo
493 2434 639 2502 inveniri.
685 2437 782 2503 Porro
805 2436 833 2503 si
856 2459 895 2503 ex
918 2437 1151 2522 permutatione
1173 2457 1390 2522 personarum,

120 2562 203 2624 quae
235 2541 319 2607 inest
351 2540 385 2605 in
425 2545 565 2606 extremo
597 2541 735 2607 carmine
769 2541 901 2625 decimo,
939 2543 1007 2608 iure
1044 2542 1254 2626 colligeretur,
1290 2540 1390 2608 virum

119 2645 197 2712 artis
213 2644 440 2728 grammaticae
463 2665 527 2709 non
549 2645 686 2728 peritum
702 2645 782 2711 haec
801 2645 942 2711 carmina
958 2646 1183 2730 composuisse,
1206 2645 1389 2729 Propertius

118 2750 196 2816 artis
218 2748 445 2833 grammaticae
467 2747 722 2832 imperitissimus
751 2755 836 2815 esset
858 2749 1058 2816 iudicandus.
1106 2749 1230 2815 Deinde
1252 2770 1316 2816 uon
1338 2769 1389 2816 ve-

118 2872 184 2918 rum
216 2859 274 2937 est,
305 2852 338 2916 in
368 2852 559 2918 carminibus
591 2859 703 2920 octavo
735 2860 766 2919 et
789 2874 872 2919 nono
900 2853 940 2920 de
963 2874 1026 2920 uno
1050 2854 1225 2936 eodemque
1248 2852 1390 2920 Oerinthi

117 2959 169 3025 die
192 2955 292 3023 natali
315 2955 387 3021 dici.
433 2955 495 3032 Qui
519 2957 602 3021 enim
623 2957 691 3022 fieri
715 2957 827 3042 potuit,
851 2964 886 3022 ut
908 2959 1016 3043 puella
1033 2957 1173 3024 Cerinthi
1190 2957 1289 3024 amati
1304 2957 1389 3022 diem

117 3063 258 3128 natalem
287 3060 408 3126 diceret
440 3059 601 3126 invisum?
654 3062 767 3143 ltaque
800 3062 866 3146 illa,
898 3082 979 3145 quae
1012 3083 1051 3126 ex
1081 3061 1291 3145 ambiguitate
1324 3081 1388 3127 ser-

115 3166 231 3249 monis,
270 3184 365 3246 quam
401 3163 433 3228 in
471 3163 520 3229 his
562 3163 754 3230 carminibus
786 3165 893 3232 inesse
926 3171 1033 3250 putat,
1068 3165 1213 3250 conjicit,
1247 3165 1388 3232 carmina

116 3271 265 3354 apuella
295 3287 366 3334 esse
396 3268 525 3352 scripta,
548 3289 613 3333 non
642 3274 727 3336 recte
761 3268 952 3336 dictasunt.
1004 3270 1069 3336 Sed
1102 3290 1151 3354 ea,
1187 3290 1269 3352 quae
1293 3268 1387 3335 modo

117 3373 198 3457 dixi,
230 3394 295 3439 non
323 3373 370 3438 ita
402 3372 564 3456 intelligas
597 3372 706 3457 velim,
742 3373 834 3456 quasi
863 3373 981 3458 dicam,
1011 3394 1076 3439 nou
1108 3372 1244 3441 inveniri
1273 3373 1306 3438 in
1339 3372 1388 3438 his

117 3477 318 3560 carminibus,
354 3496 436 3559 quae
477 3476 541 3542 sint
578 3476 801 3560 vituperanda.
858 3479 966 3560 lmmo,
1009 3477 1093 3543 haud
1134 3497 1240 3562 pauca
1272 3477 1305 3542 in
1338 3476 1388 3542 his

116 3581 307 3648 carminibus
334 3581 455 3665 insunt,
487 3600 568 3663 quae
596 3580 636 3646 ab
662 3580 825 3664 elegantia
847 3583 1017 3666 sermonis,
1050 3600 1113 3664 qua
1133 3581 1303 3666 splendent
1327 3581 1388 3646 ele·

117 3686 190 3770 giae
212 3685 285 3750 libri
306 3684 409 3770 primi,
432 3685 593 3750 recedant.
638 3683 701 3750 Sed
724 3685 905 3752 memineris
930 3696 1060 3771 quaeso,
1088 3685 1121 3751 in
1150 3685 1232 3750 libro
1261 3703 1386 3766 quoque

117 3791 219 3856 altero
241 3789 370 3874 saepius
393 3809 569 3854 sermonem
592 3807 662 3853 esse
685 3788 806 3853 durum.
852 3789 945 3867 Quod
967 3786 1032 3856 iam
1055 3791 1196 3873 (imppe,
1221 3788 1274 3871 qui
1291 3809 1331 3855 ea
1346 3788 1386 3855 de

117 3914 214 3960 causa
235 3892 309 3957 libri
327 3891 458 3958 alterius
475 3893 614 3958 carmina
633 3892 820 3977 imperfecta
836 3914 907 3960 esse
922 3900 1024 3979 putat,
1048 3899 1080 3960 et
1095 3893 1212 3958 deinde
1232 3891 1387 3980 Wisserq

117 3997 422 4080 demonstraverunt,
447 3995 501 4078 qui
522 3997 638 4062 multos
660 3996 734 4061 libri
757 3997 887 4064 alterius
918 3998 1004 4064 locos
1027 4019 1046 4064 a
1068 3996 1195 4061 Tibullo
1225 4017 1289 4062 non
1315 4017 1387 4062 esse

114 4102 284 4186 profectos,
307 4100 366 4168 sed
388 4100 429 4166 ab
452 4099 524 4166 aliis
546 4100 756 4184 interpolatos
779 4108 896 4169 censet.

242 4204 401 4289 Sequitur,
417 4210 452 4268 ut
471 4224 768 4289 commemoremus,
780 4225 898 4290 omnes,
916 4206 969 4288 qui
985 4206 1045 4274 hac
1066 4205 1099 4270 in
1115 4227 1150 4273 re
1169 4204 1288 4272 versati
1303 4211 1394 4290 suut„

115 4309 301 4393 concedere,
333 4309 413 4374 haec
435 4308 575 4374 carmina
599 4329 633 4374 re
653 4309 787 4376 metrica
816 4331 879 4376 non
909 4311 1080 4378 abhorrere
1109 4331 1129 4374 a
1157 4309 1248 4377 libris
1267 4312 1283 4376 l
1300 4315 1332 4374 et
1346 4310 1385 4376 Π.

185 4557 206 4625 ¹)
226 4557 260 4612 cl.
280 4557 454 4628 Hertaberg:
485 4559 637 4615 Hallesclue
660 4557 841 4616 Jahrbilcher
864 4558 911 4614 fur
933 4557 1070 4614 deutsche
1096 4557 1306 4614 Wissensohaft
1329 4557 1387 4614 und

225 4643 327 4700 Kunst.
363 4646 437 4707 1839,
456 4663 483 4716 p.
503 4647 577 4701 1011.

183 4729 205 4798 ²)
225 4730 259 4786 cl.
279 4731 398 4802 Wisser,
418 4733 600 4802 quaestiones
620 4733 997 4806 Tibulliauae‚Lips.1869.
