3320 5158
874 239 914 304 16

253 451 367 518 nullas.
421 449 453 516 ls
491 448 575 516 enim
614 455 848 534 commemorat,
884 447 1045 514 Tibullum
1085 447 1302 533 apostrophen
1342 447 1529 516 continuare
1638 479 1639 520 r

252 575 316 621 non
339 575 474 639 amasse,
498 553 556 620 sed
577 553 674 620 tertia
695 574 834 638 persona
855 553 1046 638 interposita
1068 552 1244 619 orationem
1262 551 1417 620 variasse.
1451 551 1529 620 Jure
1638 541 1639 606 ss

253 659 337 726 enim
358 658 518 725 iudicasse
543 656 714 742 Tibullum,
741 658 938 742 apostropha
964 656 1057 723 nimis
1084 655 1139 722 diu
1161 651 1347 724 continuata
1373 655 1438 725 vim
1459 677 1530 723 ora-

251 762 347 830 tionis
365 784 430 829 non
448 763 569 848 augeri,
589 761 647 830 sed
665 762 783 846 frangi3
807 781 905 844 quare
921 761 1138 846 apostrophen
1154 766 1203 827 ter
1221 765 1407 845 usurpatam
1424 759 1528 828 rarius

250 867 325 950 legi.
373 866 439 934 Sed
468 867 615 934 carminis
646 866 750 950 quarti
779 865 903 932 initium
933 885 1028 949 quam
1057 864 1196 930 alienum
1225 863 1267 930 611
1295 862 1417 948 abeis,
1446 884 1527 948 quae
1638 949 1639 952 Ἴ

251 969 401 1038 disseruit
426 971 556 1057 Dissen,
582 970 708 1039 videas:
738 971 826 1058 ,Huc
851 970 930 1036 ades
957 975 990 1036 et
1016 969 1151 1053 expelle,
1178 968 1240 1035 huc
1268 967 1357 1053 ades,
1386 968 1526 1036 Phoebe.

251 1072 352 1140 Orode
374 1073 461 1160 mihi,
483 1095 636 1160 propera:
666 1095 726 1142 nec
747 1081 780 1141 te
801 1073 936 1159 pigebit.
969 1073 1080 1139 Effice.
1113 1072 1241 1157 Sancte,
1264 1072 1338 1140 veni
1359 1077 1526 1157 tecumque

249 1177 344 1245 feras.
381 1178 455 1245 Neu
477 1179 625 1247 iuvenem
646 1181 789 1262 torque.l
836 1179 873 1244 In
895 1177 1088 1244 carminibus
1119 1195 1244 1260 quoque
1267 1177 1374 1242 3615
1395 1175 1527 1241 liberior

250 1283 461 1368 apostrophos
483 1304 559 1351 usus
582 1283 743 1353 invenitur
764 1303 860 1366 qnam
882 1282 917 1346 in
938 1281 1029 1348 libris
1044 1280 1146 1366 primo
1163 1285 1195 1346 et
1211 1281 1323 1346 altero.
1358 1277 1450 1357 Quod
1463 1279 1523 1344 tibi

250 1407 315 1453 non
329 1386 441 1454 mirum
457 1408 529 1454 esse
544 1387 715 1470 videbitur,
731 1387 761 1454 si
775 1386 972 1472 spectaveris
988 1385 1031 1452 ad
1046 1390 1234 1470 argumenta
1249 1384 1361 1450 horum
1376 1381 1523 1468 elegidio-

251 1511 320 1556 rum
333 1492 429 1575 plane
441 1513 462 1558 a
472 1491 562 1558 libris
574 1492 676 1577 primo
692 1497 725 1559 61
738 1492 841 1582 altero
851 1490 1040 1570 alienorum.
1066 1488 1151 1554 Nam
1162 1487 1195 1553 in
1207 1488 1399 1554 carminibus
1413 1491 1525 1571 quarto

243 1601 283 1662 'et
305 1600 396 1662 sexto
418 1596 520 1662 habes
542 1596 755 1680 precationes,
779 1614 862 1679 quae
884 1594 963 1659 liunt
984 1592 1028 1659 ad
1049 1591 1138 1677 deos,
1161 1591 1204 1658 ad
1224 1591 1407 1676 Apollinem
1430 1589 1527 1658 etad
1638 1637 1639 1674 ,

251 1699 418 1766 Junoncm.
455 1702 562 1784 Atque
584 1720 666 1784 eum,
691 1699 744 1782 qui
766 1718 877 1783 preces
899 1696 998 1765 faciat
1016 1696 1059 1762 ad
1074 1695 1162 1780 deos,
1182 1716 1245 1762 uon
1263 1695 1359 1761 tertia
1377 1716 1526 1780 persona,

250 1802 309 1870 sed
330 1803 471 1870 secunda
493 1803 549 1889 uti,
573 1824 613 1870 ex
635 1803 708 1888 ipsa
729 1803 777 1869 rei
791 1807 914 1902 natura
935 1800 1089 1884 sequitur.
1132 1801 1247 1882 Neque
1270 1798 1420 1884 puellam,
1444 1819 1527 1882 quae
1638 1885 1639 1912 Χ

251 1913 341 1992 optet
363 1914 469 1975 amato
492 1914 525 1975 et
547 1908 704 1974 ominetur
717 1906 751 1972 in
767 1905 853 1973 diem
867 1906 1010 1971 natalem
1026 1905 1123 1987 laeta,
1147 1904 1235 1986 loqui
1254 1905 1356 1969 altera
1378 1923 1525 1988 persona,
1638 1915 1639 1918 ’

250 2013 363 2079 mirum
385 2018 444 2079 est.
482 2012 555 2079 Jam
574 2012 716 2079 earmina
735 2011 756 2076 2
778 2017 811 2076 et
832 2012 860 2076 3·
875 2010 935 2076 hac
957 2009 990 2075 in
1013 2029 1049 2075 re
1072 2030 1093 2074 a
1114 2007 1234 2074 Tibulli
1252 2008 1377 2075 ratione
1399 2007 1525 2075 dicendi

250 2116 375 2201 vulgari
396 2137 460 2182 non
474 2115 627 2183 recedunt
642 2135 746 2199 neque
761 2116 851 2198 leges
866 2113 952 2198 illac,
970 2133 1049 2197 quas
1065 2112 1185 2180 Dissen
1199 2119 1282 2181 teste
1297 2111 1360 2178 sibi
1375 2111 1526 2196 imposuit
1618 2173 1621 2180 ,
1638 2117 1639 2144 ³

250 2222 357 2306 potita,
380 2226 454 2288 sunt
475 2220 627 2287 violatae.
671 2221 762 2298 Quae
786 2238 881 2303 quam
901 2239 980 2285 vera
1001 2219 1075 2304 sint,
1098 2217 1247 2302 cognosci
1268 2222 1376 2302 potest
1397 2238 1438 2284 ex
1461 2235 1527 2283 car·
1638 2241 1639 2296 3

159 2384 162 2389 .
250 2325 344 2392 minis
365 2324 453 2392 tertii
474 2326 620 2393 versibus
643 2325 706 2391 his:

691 2429 742 2506 „si
758 2429 809 2484 lux
825 2443 899 2498 mea,
917 2432 1011 2484 tecum

350 2518 467 2586 Arguar
485 2521 551 2571 ante
569 2516 650 2586 ipsas
670 2515 859 2572 concubuisse
877 2516 993 2587 plagas:

351 2605 431 2661 Nunc
451 2603 512 2659 sine
531 2619 575 2660 me
594 2602 632 2659 sit
649 2603 728 2658 nulla
744 2603 852 2674 Venus,
871 2604 924 2660 sed
941 2603 1007 2673 lege
1026 2603 1145 2670 Dianae,

353 2690 440 2746 (laste
458 2705 538 2762 puer,
557 2694 639 2746 casta
656 2691 731 2747 retia
748 2694 836 2761 tange
854 2687 956 2746 manur'

352 2779 391 2833 Et
409 2793 603 2848 quaecumque
622 2795 686 2834 meo
704 2777 803 2833 furtim
821 2776 954 2847 subrepit
970 2776 1070 2844 amori,

352 2865 464 2921 Incidat
481 2865 510 2918 in
528 2880 634 2921 saevas
653 2865 815 2936 diripienda
833 2864 920 2920 feras.

353 2953 395 3008 At
411 2956 443 3006 tu'
459 2953 583 3008 venandi
601 2954 725 3008 studium
744 2951 872 3006 concede
891 2948 1013 3018 parenti,

353 3040 391 3094 Et
408 3039 486 3095 celer
504 3040 533 3094 in
550 3044 665 3095 nostros
683 3039 746 3107 ipse
764 3049 881 3089 recurre
900 3025 1005 3106 61666.ιι

379 3125 452 3192 Jam
474 3125 515 3192 de
536 3127 601 3193 alio
623 3121 768 3205 artificio,
792 3139 854 3202 quo
876 3115 1092 3184 nervosicrem
1114 3111 1220 3180 reddit
1241 3110 1388 3176 Tibullus
1410 3129 1528 3176 senno-

249 3250 332 3315 nem,
358 3228 518 3314 agendum
544 3235 604 3297 661.
659 3229 766 3310 Atque
793 3243 889 3307 quum
915 3220 1094 3303 subjectum
1119 3217 1154 3284 in
1178 3216 1241 3282 fine
1267 3233 1380 3282 versus
1407 3232 1530 3298 ponere

250 3340 336 3400 amet
357 3336 464 3419 poeta,
487 3335 551 3419 ille,
575 3333 629 3418 qui
651 3330 793 3399 carmina
813 3326 903 3413 legit,
928 3324 1003 3409 quia
1024 3324 1203 3406 subjectum
1228 3319 1263 3386 in
1287 3318 1351 3385 fine
1374 3323 1424 3385 est
1446 3319 1531 3403 posi-

251 3443 327 3522 tum,
358 3438 402 3504 ad
428 3459 484 3505 eas
510 3436 738 3505 enuntiationis
764 3439 884 3520 partes,
912 3449 994 3515 quae
1021 3433 1095 3495 sunt
1120 3423 1249 3493 levioris
1274 3421 1436 3507 momenti,
1463 3423 1531 3489 aui-

251 3563 336 3608 mum
356 3533 459 3627 magis
482 3540 659 3626 attenditl)
694 3536 788 3617 Quod
808 3557 873 3604 non
894 3534 1024 3618 faceret,
1047 3532 1075 3599 si
1096 3531 1284 3614 subjectum,
1306 3526 1528 3611 gravissimum

252 3646 480 3714 enuntiationis
503 3645 686 3726 membrum,
713 3643 748 3706 16
769 3660 880 3709 versus
901 3637 993 3704 initio
1020 3640 1106 3702 esset
1131 3633 1281 3718 positum.
1333 3629 1402 3707 Quo
1425 3629 1469 3712 fit,
1492 3632 1527 3692 ut

252 3752 355 3820 oratio
377 3773 441 3818 non
462 3751 626 3834 langueat.
660 3746 788 3824 Quare
811 3763 907 3827 quum
929 3740 1080 3824 carmina,
1103 3737 1143 3824 de
1166 3736 1280 3821 quibus
1299 3734 1413 3818 agitur,
1436 3732 1530 3816 paria
1638 3759 1639 3768 ¹

252 3856 456 3924 inveniantur
476 3854 628 3920 librorum
649 3850 743 3937 primi
770 3849 965 3931 alteriusque
992 3842 1114 3929 elegiis,
1142 3842 1183 3908 ab
1207 3840 1319 3908 eodem
1339 3838 1438 3922 potita
1459 3857 1530 3920 pro·
1638 3849 1639 3852 ’

252 3962 354 4030 sectus
377 3981 449 4028 esse
472 3958 599 4027 videtur
619 3957 702 4023 liber
725 3960 856 4039 quartus
879 3957 976 4034 atque
998 3949 1119 4033 primus
1141 3951 1173 4012 et
1195 3947 1287 4012 alter.

382 4065 473 4143 Quae
495 4063 589 4130 modo
612 4062 653 4129 de
675 4059 884 4129 collocatione
907 4053 1044 4140 subJecti
1066 4047 1319 4131 commemoravi,
1342 4067 1407 4111 non
1428 4044 1531 4110 solum

253 4171 295 4239 de
316 4169 452 4254 singulis
474 4166 668 4234 hexametris
691 4169 724 4230 et
744 4161 963 4248 pentametris,
990 4157 1049 4224 sed
1071 4155 1168 4223 etiam
1189 4153 1230 4220 de
1257 4146 1531 4218 enuntiationibus
1638 4223 1639 4230 ,

253 4275 328 4357 illis,
351 4294 434 4358 quae
457 4294 496 4339 ex
518 4269 713 4337 hexametris
736 4271 883 4336 constant
906 4270 939 4330 et
959 4258 1179 4347 pentametris,
1203 4256 1289 4324 dicta
1310 4257 1394 4320 sunt.
1440 4251 1531 4328 Quae

254 4381 433 4463 subjectum
453 4377 611 4462 praebent
633 4373 667 4440 16
688 4372 751 4438 fine
773 4367 968 4455 pentametri
991 4365 1041 4432 his
1062 4363 1156 4431 locis:

177 4465 179 4468 ’
407 4482 462 4566 rr,
484 4482 515 4566 a,
538 4482 568 4565 6,
590 4479 645 4564 lv,
668 4478 699 4562 a,
722 4478 752 4560 a,
775 4474 844 4562 (lv,
867 4474 897 4557 3,
919 4472 964 4558 a),
991 4471 1046 4552 rr,
1069 4471 1099 4550 a,
1123 4469 1173 4550 rs,
1201 4466 1226 4548 1,
1250 4466 1280 4548 6,
1304 4464 1354 4544 rs,
1378 4461 1402 4544 1,
1426 4462 1456 4544 a,
1479 4462 1532 4533 20.

340 4710 363 4777 ¹)
382 4709 417 4765 cl.
434 4705 624 4777 Boltaenthal,
641 4705 660 4760 l.
679 4721 704 4762 c.
720 4723 750 4776 p.
769 4704 810 4760 1³.
