3320 5158
897 201 938 265 14

284 409 400 474 Amore
426 405 488 473 deo
514 405 646 473 dicatur.
680 445 722 454 —
755 407 861 490 Atque
886 407 1119 492 simplicissimo
1150 411 1283 480 artificio
1309 422 1473 484 assecutus
1506 424 1555 485 est

284 514 389 596 55115,
429 516 464 576 51
500 510 683 576 notionibus
719 509 782 576 illis
819 511 873 577 dei
912 513 963 579 vel
1000 512 1144 580 homines
1180 515 1408 600 significentur.
1468 521 1555 587 055-

283 620 498 682 memorantur
537 613 630 698 5515,
671 619 706 678 51
738 614 863 680 Lunam
903 622 936 681 et
972 616 1078 684 Solem
1115 618 1193 686 deos
1233 619 1407 707 intelligas,
1447 614 1554 691 currus

283 719 322 803 (Ι,
345 721 374 803 8,
398 721 463 803 21),
487 718 561 800 5551
583 717 635 804 (Π,
657 718 688 801 4,
713 719 763 801 18,
787 719 828 802 ΙΙ,
856 721 887 803 3,
909 719 961 802 56,
988 719 1028 803 ΙΙ,
1055 723 1086 804 5,
1113 723 1164 806 60,
1192 723 1232 807 Π,
1254 724 1285 808 5,
1313 726 1380 810 75),
1403 726 1446 810 id,
1471 727 1555 811 quod
1648 791 1649 804 ,

284 841 386 906 aeque
411 821 445 887 in
470 822 605 887 Noctem
630 820 716 902 cadit
742 821 795 907 (ΙΙ,
823 824 852 906 1,
880 823 945 910 87).
998 823 1157 909 Sequitur,
1188 831 1223 890 ut
1252 826 1385 913 dicatur,
1415 830 1554 914 corporis

283 926 425 993 membra
446 924 577 992 attribui
602 923 652 991 his
679 925 874 991 notionibus:
901 926 1029 993 Poenae
1054 926 1154 1011 pedes
1180 930 1218 1016 (Ι,
1242 932 1272 1015 9,
1294 933 1339 1018 4),
1365 932 1442 1000 Paci
1467 935 1554 1000 sinus

284 1033 322 1117 (Ι,
350 1033 401 1115 10,
427 1031 492 1114 67),
526 1028 620 1094 115111
645 1034 742 1113 55551
768 1033 801 1094 51
825 1049 939 1095 manus
967 1032 1005 1118 (Ι,
1034 1034 1062 1115 1,
1089 1034 1140 1117 70,
1162 1033 1187 1117 Ι,
1210 1034 1240 1117 3,
1261 1034 1283 1098 4
1305 1039 1338 1099 51
1360 1037 1405 1122 5),
1438 1037 1554 1104 Somno

283 1136 362 1218 5155,
386 1131 523 1199 8555115
544 1131 644 1216 pedes
667 1132 719 1218 (Π,
744 1137 773 1217 1,
796 1134 862 1220 90).
905 1133 1054 1216 Denique
1080 1135 1196 1202 Pacem
1222 1138 1261 1224 (Ι,
1289 1139 1340 1222 10,
1366 1139 1432 1227 45),
1458 1141 1553 1225 Spem

283 1239 322 1325 (Ι,
346 1241 375 1322 1,
398 1240 428 1320 9,
450 1238 490 1320 Π,
513 1237 543 1321 6,
568 1237 632 1324 19),
655 1235 793 1302 Januam
815 1238 853 1325 (Ι,
876 1237 907 1322 2,
930 1239 974 1325 7),
997 1237 1153 1306 11555155
1176 1240 1244 1326 (IV,
1266 1241 1297 1326 2,
1320 1242 1353 1329 8)
1383 1241 1487 1309 155515
1514 1264 1553 1310 55

282 1341 369 1427 dicit,
393 1361 475 1423 quae
497 1341 539 1406 ab
560 1339 739 1406 hominibus
762 1347 909 1424 aguntur.

408 1445 514 1527 Atque
539 1443 599 1511 hoc
620 1444 690 1511 loco
712 1443 1019 1511 commemorandum
1040 1465 1113 1513 esse
1134 1446 1270 1532 videtur,
1292 1449 1441 1514 Amorem
1462 1448 1556 1515 deum

282 1543 411 1634 saepius
433 1548 467 1613 in
489 1547 680 1614 carminibus
702 1547 775 1631 illis,
799 1567 882 1630 quae
903 1549 1079 1633 posteriorc
1100 1555 1244 1635 tempore
1264 1552 1449 1637 composuit,
1471 1553 1557 1621 inve-

282 1653 343 1719 niri
376 1672 470 1735 quam
501 1651 535 1716 in
567 1650 736 1735 prioribus,
763 1651 937 1734 inquibus
963 1653 1051 1720 notio
1077 1653 1193 1720 amoris
1216 1655 1345 1739 saepius
1374 1661 1554 1740 usurpatur.

281 1758 366 1824 Nam
379 1757 413 1823 in
427 1755 629 1839 carminibus,
646 1774 728 1836 quae
743 1754 844 1838 primo
853 1757 877 1843 ¹)
894 1757 1071 1840 composuit
1084 1755 1239 1842 Tibullus,
1251 1758 1349 1823 Amor
1363 1758 1442 1824 deus
1457 1761 1554 1826 semel
1648 1753 1649 1792 1

281 1861 407 1946 legitur,
430 1858 630 1926 substantivo
653 1858 769 1924 amoris
791 1857 898 1926 decies
922 1866 1084 1945 55515515.
1130 1861 1167 1927 15
1188 1861 1311 1946 elegiis,
1335 1882 1418 1944 quae
1440 1863 1554 1929 Deliae

282 1985 422 2031 amorem
443 1968 571 2048 canunt,
593 1962 699 2029 sexies
720 1965 869 2029 Amorem
890 1962 985 2029 deum
1004 1965 1118 2049 habes3
1144 1965 1345 2034 substantivo
1365 1967 1481 2033 amoris
1500 1988 1553 2032 un·

282 2069 422 2136 15115155
443 2067 543 2132 utitur
563 2067 670 2151 55515.
715 2065 909 2143 Quibuscum
931 2074 1107 2153 congruunt
1129 2068 1264 2154 elegiae,
1291 2068 1331 2136 dc
1354 2069 1468 2153 quibus
1490 2070 1554 2154 agi-
1648 2079 1649 2082 ’

281 2179 342 2258 151,
365 2192 460 2255 quum
480 2171 565 2238 inter
579 2169 690 2237 decem
705 2171 802 2255 locos,
818 2169 852 2235 in
868 2170 982 2255 quibus
1003 2175 1129 2259 ,am0r“
1151 2180 1421 2259 commemoratur,
1443 2181 1555 2258 quater

281 2278 342 2344 bac
367 2277 497 2343 notione
524 2274 602 2340 deus
628 2273 833 2357 significetur.
882 2275 919 2340 In
940 2262 1022 2341 libro
1047 2276 1555 2361 511515,155151,515555555-

281 2387 378 2465 retur,
400 2379 591 2445 1515115555
615 2377 853 2459 quatuordecim
874 2377 981 2446 decies
1003 2363 1152 2446 Amorem
1173 2380 1267 2446 deum
1288 2381 1432 2449 inveniri.

410 2480 504 2560 Quod
536 2481 600 2548 dici
630 2488 826 2566 555551551
852 2481 1101 2549 deuotionibus
1131 2483 1205 2567 illis,
1232 2503 1312 2565 quas
1339 2485 1372 2551 in
1395 2483 1554 2569 prioribus
1648 2485 1649 2504 ³

282 2587 474 2671 enumeravi,
488 2604 678 2669 quamquam
693 2585 727 2651 in
738 2584 930 2652 carminibus
942 2585 1096 2652 Nemesin
1111 2587 1299 2654 canentibus
1314 2588 1410 2671 paulo
1425 2588 1556 2673 saepius

281 2694 378 2776 55115
398 2690 498 2756 511151
518 2689 763 2774 515555555515,
787 2708 882 2770 quum
904 2689 1003 2757 octies
1025 2689 1207 2758 inveniatur
1225 2689 1258 2756 in
1277 2691 1336 2756 hoc
1349 2689 1441 2773 libro,
1459 2707 1554 2772 quam

281 2797 315 2862 in
337 2795 460 2879 elegiis,
484 2813 567 2877 quae
589 2812 607 2858 5
629 2793 776 2860 Marathe
799 2798 832 2859 et
854 2813 873 2859 e
894 2793 991 2860 Delia
1012 2793 1224 2860 nominantur.
1257 2793 1342 2860 Nam
1365 2792 1399 2859 in
1419 2792 1470 2860 his
1493 2793 1555 2860 ele-

281 2900 342 2984 giis
365 2903 522 2981 quaterna
542 2897 644 2962 habes
667 2896 814 2979 exempla
836 2896 1105 2964 conformationis.

408 3003 514 3084 Atque
539 3001 667 3083 5511155
696 2998 931 3083 515555555515
959 2999 1108 3085 deposita
1132 2999 1333 3067 substantivo
1358 2998 1455 3081 55515
1480 3005 1555 3081 5551
1647 3055 1648 3068 .

281 3125 377 3173 55555
395 3103 521 3187 vulgari
538 3101 585 3167 uti
604 3108 660 3168 551
681 3103 892 3188 substantivo,
916 3123 978 3186 quo
997 3124 1094 3171 sensu
1115 3102 1240 3187 vulgari
1261 3121 1337 3168 usus
1356 3107 1415 3185 est,
1436 3100 1555 3168 deinde
1647 3093 1648 3100 '

280 3229 451 3296 personam
466 3206 657 3291 significare,
678 3207 737 3289 51,
754 3207 784 3290 8,
800 3208 841 3273 47
859 3208 930 3292 511,
948 3210 998 3293 10,
1018 3209 1061 3275 45
1077 3207 1183 3292 colligi
1202 3212 1318 3292 potest.
1347 3205 1432 3272 Nam
1450 3205 1557 3290 priore

280 3315 350 3382 loco
365 3311 488 3380 notioni
504 3310 621 3377 aetatis
634 3308 718 3376 tardi
733 3308 1222 3397 5515551151555151;Ἰ,10,45
1237 3312 1354 3378 Pacem
1365 3329 1557 3393 quamquam

280 3419 374 3484 deam
395 3417 559 3498 habemus,
581 3414 677 3497 paulo
699 3419 774 3497 post
793 3415 964 3500 ablativus,
981 3415 1034 3498 qui
1056 3415 1174 3498 legitur
1197 3418 1328 3502 „pace“,
1351 3414 1391 3481 de
1413 3419 1557 3496 tempore

279 3522 404 3590 dicitur.
459 3519 562 3585 Simili
583 3518 676 3584 modo
706 3518 744 3583 L.
768 3519 901 3584 Mueller
923 3520 947 3602 Ι,
972 3521 1022 3602 10,
1045 3519 1087 3584 33
1110 3519 1204 3600 5111,
1226 3520 1257 3600 4,
1281 3519 1321 3582 17
1351 3514 1556 3596 interpretari

279 3624 357 3691 mihi
389 3623 526 3707 videtur,
560 3640 655 3704 quum
687 3621 889 3689 substantiva
923 3627 956 3688 et
984 3619 1094 3686 mortis
1124 3625 1157 3686 et
1184 3618 1261 3684 solis
1291 3615 1391 3683 literis
1424 3613 1554 3679 minutis

279 3728 409 3796 scribat.
453 3725 519 3792 Sed
543 3726 572 3792 si
598 3725 832 3809 comparaveris
858 3726 961 3792 locum
983 3723 1120 3808 priorem
1141 3742 1212 3788 cum
1233 3721 1258 3804 I,
1280 3723 1310 3804 9,
1332 3721 1363 3804 4,
1386 3719 1425 3803 Π,
1450 3722 1479 3802 1,
1502 3719 1554 3802 90,

279 3853 385 3900 55555
399 3836 505 3915 55155,
521 3829 755 3896 substantivum
770 3829 879 3895 mortis
901 3829 995 3894 111515
1016 3824 1131 3910 grandi
1153 3843 1224 3891 5555
1243 3822 1465 3890 scribendum?
1486 3821 1557 3888 Nec

279 3937 383 4002 minus
405 3936 454 4000 sol
475 3933 555 4000 deus
578 3953 650 4000 5555
671 3933 797 4001 11115151
815 3934 855 4015 Π,
871 3933 902 4014 4,
920 3935 970 4015 17,
986 3928 1175 4015 5155551115
1196 3947 1268 3996 cum
1291 3927 1423 4016 ,Luna“
1449 3926 1558 4014 (111515

280 4040 408 4127 grandi)
429 4036 631 4105 scribendum
651 4037 704 4104 sit.
727 4077 767 4086 -
790 4038 879 4103 Haec
901 4035 1063 4102 haetenus.

408 4142 514 4220 0555
545 4141 580 4207 15
611 4140 770 4225 prioribus
803 4137 1062 4221 intellexerimus,
1096 4136 1219 4204 eisdem
1247 4133 1349 4202 modis
1380 4132 1494 4216 quibus
1523 4130 1557 4197 in
1646 4125 1647 4128 ’

279 4247 371 4314 libris
400 4246 501 4332 primo
532 4251 565 4312 et
594 4245 696 4312 511515
726 4245 760 4310 15
790 4243 972 4310 universum
1001 4239 1239 4327 simplicitatem
1268 4235 1423 4306 sermonis
1459 4239 1556 4317 atquc

280 4351 542 4438 perspicuitatem
563 4347 701 4416 51115115
722 4347 845 4434 elegiis,
868 4347 910 4414 de
930 4345 1044 4430 quibus
1061 4345 1177 4432 agitur,
1197 4345 1261 4411 155
1276 4337 1558 4408 (1555551155155

368 4581 388 4649 ¹)
409 4579 586 4649 sententiam,
612 4592 694 4649 quam
718 4576 838 4648 51515111
861 4575 905 4632 W.
925 4575 1037 4632 Teuffel
1057 4572 1187 4642 (Studien
1204 4587 1233 4642 p.
1249 4570 1312 4637 865)
1332 4583 1450 4640 aequum
1474 4566 1560 4622 aliter

410 4666 447 4722 de
463 4664 518 4722 1155
535 4681 567 4722 15
586 4664 694 4720 iudicat
711 4661 858 4720 Baehrens
876 4659 1067 4733 (Tibullisolre
1084 4657 1296 4730 8111155155
1315 4657 1390 4728 1876,
1407 4672 1437 4728 5.
1454 4655 1507 4722 23.)
