3320 5158
797 181 839 250 20

178 401 277 478 'quum
298 391 333 464 iu
354 391 456 480 primo
478 390 560 460 libro
581 398 711 478 praeter
732 392 793 460 has
816 393 966 460 formulas
992 413 1050 460 sex
1079 393 1164 460 aliae
1194 401 1366 481 usurpatae
1394 397 1461 464 sint

182 499 361 566 aTibullo.

307 604 420 686 Neque
451 602 509 669 has
539 603 666 686 formas,
698 621 790 686 quae,
821 621 892 668 cum
924 602 1027 669 rarius
1050 610 1250 689 usurpentur,
1282 626 1302 671 a
1330 605 1459 672 Tibullo

175 705 282 772 'mium
299 714 426 773 amatae
445 727 517 773 esse
539 705 696 790 videntur,
720 706 842 789 elegiis,
866 706 1036 788 dequibus
1056 707 1191 792 agimus,
1210 708 1324 776 deesse
1345 709 1459 776 mirum

182 803 242 895 est,
266 831 361 893 quum
385 811 490 892 quarti
512 810 585 877 libri
609 809 750 876 carmina
771 809 963 893 politissima
985 816 1054 876 arte
1075 811 1140 877 sint
1166 819 1329 879 exornata.
1374 815 1459 880 Nam

180 914 326 981 Tibullus
348 915 458 998 multa,
482 935 565 996 quae
587 913 649 979 sibi
672 913 780 980 iuveni
801 913 1000 998 permiserat,
1029 915 1207 998 posteriore
1229 923 1372 1002 tempore
1394 919 1459 986 evi-

179 1019 270 1102 tavit,
295 1039 390 1100 quum
412 1038 566 1084 summam
589 1024 690 1082 artem
713 1023 799 1083 esset
821 1023 997 1085 assecutus.
1048 1019 1139 1096 Quae
1169 1040 1263 1102 quam
1284 1043 1362 1088 vera
1382 1024 1457 1109 sint,

178 1122 254 1188 inde
275 1122 423 1206 cognosci
445 1126 562 1206 potest,
587 1120 672 1203 quod
701 1121 734 1186 in
760 1121 862 1204 primo
884 1121 966 1188 libro
994 1123 1109 1207 viginti
1139 1129 1288 1206 quattuor
1311 1127 1457 1193 versibus

178 1226 222 1290 ad
243 1245 300 1292 seu
321 1226 486 1291 schemata
507 1227 548 1290 ab
571 1225 634 1290 illis
662 1224 878 1291 usitatissimis
911 1226 1040 1292 diversa
1068 1227 1162 1294 factis
1191 1229 1224 1294 in
1253 1230 1356 1296 altero
1386 1236 1456 1298 octo

175 1335 300 1396 tantum
323 1329 527 1397 inveniuntur
549 1330 752 1412 pentametri,
780 1329 834 1411 qui
857 1330 900 1395 ad
922 1337 1074 1413 quattuor
1097 1352 1224 1398 normas
1247 1334 1288 1398 ab
1319 1333 1382 1399 illis
1412 1335 1458 1399 di-

178 1453 287 1499 versas
310 1441 384 1499 sunt
406 1432 588 1499 constructi.
632 1432 784 1498 Videmus
806 1433 905 1516 igitur
933 1454 1097 1499 numerum
1114 1420 1392 1520 'pentametrorum
1414 1439 1457 1505 ad

178 1536 260 1602 alias
289 1559 415 1602 normas
445 1538 599 1602 factorum
627 1537 726 1602 minui
755 1535 788 1601 in
818 1537 920 1603 altero
949 1539 1042 1623 libro,
1074 1540 1127 1621 qui
1154 1547 1228 1624 post
1250 1541 1385 1625 primum
1407 1549 1457 1608 est

177 1641 383 1725 conscriptus.
427 1641 497 1706 Huc
519 1641 652 1723 accedit,
676 1640 761 1722 quod
783 1641 895 1706 ultima
917 1641 1010 1707 huius
1039 1643 1113 1707 libri
1143 1645 1334 1711 carminibus
1365 1646 1457 1712 deest

176 1744 262 1826 lima,
285 1745 332 1809 ita
354 1752 388 1809 ut
409 1745 615 1828 suspicemur,
644 1746 773 1829 poetam
801 1744 862 1810 hac
892 1764 1018 1827 quoque
1048 1747 1082 1812 in
1111 1767 1146 1813 re
1175 1749 1328 1814 nonnulla
1356 1751 1456 1816 fuisse

177 1854 378 1929 mutaturum,
402 1849 429 1914 si
453 1854 629 1914 extremum
649 1847 849 1932 perpoliendi
873 1849 962 1932 operi
985 1850 1128 1916 laborem
1150 1853 1361 1918 adhibuisset.

305 1953 370 2018 Sed
385 1954 444 2018 hoc
462 1952 624 2018 mittamus
648 1958 681 2017 et
701 1949 877 2036 videamus,
897 1959 1047 2036 partesne
1067 1955 1240 2020 carminum
1258 1957 1455 2024 Tibulliano-

177 2076 247 2121 rum
275 2057 386 2122 harum
415 2056 619 2123 formularum
648 2076 708 2121 usu
737 2055 820 2122 inter
851 2077 887 2122 se
913 2057 1105 2140 discrepent.
1157 2061 1263 2141 Atque
1285 2061 1318 2126 in
1341 2063 1455 2145 elegiis

178 2160 251 2225 libri
284 2160 326 2225 lV
356 2182 497 2226 normam
527 2161 662 2249 blpaa
690 2180 802 2226 versus
832 2159 1047 2244 duodecimus,
1079 2161 1230 2230 formulas
1262 2166 1393 2254 bplaa
1423 2173 1455 2232 et

177 2265 310 2354 blatta
331 2264 511 2330 tricesimus
540 2262 660 2348 primus
684 2264 818 2346 quisque
841 2263 994 2345 sequitur.
1047 2264 1083 2330 In
1113 2265 1195 2332 libro
1217 2267 1318 2350 primo
1343 2289 1453 2336 versus

178 2367 454 2434 duodevicesimus
484 2368 620 2450 quisque
649 2367 692 2434 ad
713 2367 880 2433 formulam
901 2367 1036 2452 primam
1064 2374 1096 2435 et
1117 2371 1254 2455 tertiam,
1284 2371 1452 2438 vicesimus

178 2472 333 2556 septimus
365 2472 498 2553 quisque
528 2470 571 2536 ad
600 2491 743 2538 normam
775 2472 910 2536 alteram
943 2472 1046 2541 factus
1080 2480 1140 2558 est,
1172 2475 1206 2540 in
1238 2477 1339 2543 altero
1372 2477 1453 2542 libro

178 2575 300 2642 decimo
324 2577 433 2658 quinto
457 2594 583 2658 quoque
604 2595 699 2643 versu
721 2575 763 2641 ad
785 2574 929 2660 primum,
946 2577 1097 2644 vicesimo
1120 2579 1221 2662 primo
1244 2579 1286 2644 ad
1308 2581 1450 2661 alterum,

178 2679 329 2746 vicesimo
352 2680 488 2763 septimo
512 2699 638 2762 quoque
661 2679 704 2745 ad
725 2679 854 2744 tertium
875 2681 1005 2747 schema
1027 2681 1223 2748 constructis.
1253 2721 1295 2728 -
1324 2681 1449 2746 Deinde

177 2783 351 2849 notandum
381 2789 440 2867 est,
469 2784 503 2847 in
533 2783 615 2848 libro
637 2783 749 2868 primo,
779 2789 814 2848 ut
842 2784 907 2850 iam
930 2785 1077 2870 diximus,
1104 2784 1261 2852 decimum
1282 2785 1451 2869 septimum

180 2907 335 2969 quemque
368 2907 503 2970 versum,
537 2887 571 2952 in
603 2889 705 2954 altero
738 2887 922 2955 vicesimum
955 2889 1124 2970 septimum
1158 2889 1230 2954 aliis
1260 2895 1356 2969 atque
1386 2888 1451 2952 illis

178 2990 295 3056 normis
318 2991 431 3056 teneri.
477 2991 567 3067 Quae
590 3011 660 3056 cum
681 2992 729 3057 ita
751 2991 824 3076 sint,
854 2992 934 3056 baec
957 2991 1102 3072 quaestio
1132 2991 1174 3055 ad
1204 2990 1301 3055 talem
1331 2990 1448 3054 exitum

179 3094 336 3178 pervenit,
354 3095 480 3176 qualem
492 3115 591 3178 saepe
606 3095 727 3161 babent
740 3096 943 3178 quaestiones
954 3093 1030 3158 illae
1046 3093 1257 3182 aZingerle1)
1273 3092 1450 3159 institutae.

181 3197 308 3280 Elegias
329 3199 412 3263 enim
432 3198 537 3280 quarti
555 3199 628 3264 libri
647 3200 785 3266 medium
801 3197 960 3283 quendam
974 3198 1077 3264 locum
1096 3197 1180 3264 inter
1197 3198 1296 3265 libros
1316 3198 1451 3282 primum

179 3307 211 3367 et
233 3302 366 3367 alterum
389 3303 534 3368 obtinere
556 3303 710 3370 videmus.
762 3305 846 3369 Nam
876 3303 909 3369 in
932 3302 1078 3369 omnibus
1100 3303 1278 3368 carminum
1298 3301 1451 3367 Tibullia-

146 3494 148 3498 ·
178 3426 288 3470 norum
310 3405 455 3489 partibus
483 3406 672 3490 saepissime
701 3414 872 3492 usurpatur
893 3408 1037 3497 blqlaa.
1083 3407 1147 3472 Sed
1177 3407 1210 3471 in
1238 3407 1340 3489 primo
1368 3405 1451 3471 libro

178 3509 313 3575 formula
336 3510 408 3597 blo
421 3516 470 3600 βα
500 3511 612 3576 eodem
638 3502 768 3578 numero
798 3518 896 3592 atque
918 3512 1053 3600 blpaa
1082 3516 1245 3594 usurpata,
1276 3509 1308 3574 in
1339 3509 1451 3592 elegiis

178 3613 250 3678 libri
274 3613 377 3695 quarti
399 3613 534 3680 formula
555 3615 691 3706 blada
712 3636 733 3680 a
754 3615 833 3697 loco,
862 3633 955 3695 quern
977 3613 1043 3678 illio
1066 3613 1199 3698 obtinet,
1222 3611 1352 3696 recedit,
1376 3613 1453 3694 quia

178 3716 229 3783 bio
259 3718 392 3783 formula
415 3719 547 3808 blltaa
569 3724 602 3784 et
632 3719 725 3784 huius
756 3723 788 3782 et
818 3723 993 3783 ceterorum
1023 3717 1228 3799 schematum,
1260 3717 1374 3798 quibus
1404 3715 1452 3780 uti

178 3822 337 3886 Tibullum
367 3828 496 3906 praeter
519 3823 728 3888 usitatissima
750 3822 806 3887 illa
835 3820 869 3887 in
894 3819 1053 3905 prioribus
1083 3820 1281 3904 videbamus,
1311 3820 1452 3904 suscepit
1510 3907 1511 3914 ἵ

177 3931 297 4010 partes.
341 3926 489 3992 Formula
518 3932 625 3992 autem
647 3927 781 4018 blllau
812 3931 844 3992 et
872 3916 924 3991 hio
954 3929 986 3988 et
1016 3923 1082 3990 illio
1111 3944 1183 3989 raro
1214 3930 1369 4008 usurpata
1391 3921 1450 3990 est.

177 4031 276 4097 Liber
298 4031 389 4115 alter,
411 4029 445 4097 in
468 4051 530 4115 quo
552 4030 687 4115 primum
708 4032 810 4096 locum
829 4029 973 4095 obtinere
996 4029 1129 4095 formam
1144 4028 1164 4092 b
1180 4029 1183 4113 l
1199 4035 1215 4118 β
1229 4049 1279 4094 aa
1294 4027 1358 4093 iam
1373 4027 1451 4093 dixi-

178 4154 257 4220 mus,
280 4135 381 4218 magis
403 4135 493 4202 lavet
513 4134 668 4201 formulae
689 4135 833 4226 bplaa,
862 4134 1010 4215 neglecto
1033 4153 1136 4216 aeque
1160 4137 1257 4214 atque
1279 4131 1313 4196 in
1336 4131 1450 4214 elegiis
1470 4167 1472 4175 ι

178 4239 250 4304 libri
274 4241 317 4304 lV
340 4239 501 4306 schemate
524 4240 665 4331 bloba.
722 4239 812 4316 Quae
840 4258 910 4306 cum
941 4237 988 4304 ita
1020 4237 1096 4322 sint,
1125 4239 1200 4320 jure
1233 4233 1297 4300 dici
1330 4241 1449 4320 potest,

264 4490 284 4558 ¹)
304 4488 443 4556 Zingerle,
471 4489 705 4562 ,Bemerkungen
733 4502 767 4540 au
799 4485 853 4540 don
881 4483 1118 4556 Sulpiciaelegicn
1146 4483 1197 4541 des
1225 4475 1384 4553 Tibullus“,
1409 4480 1451 4540 kl.

305 4574 402 4644 philol.
427 4574 569 4628 Abhandl.
591 4575 612 4627 Ι.
632 4590 660 4643 p.
677 4575 720 4634 22,
756 4603 788 4612 -
825 4573 964 4642 Zingerle,
993 4573 1152 4649 ,Weiteres
1177 4589 1211 4626 au
1235 4572 1291 4628 den
1316 4569 1450 4643 Sulpicia·

307 4661 418 4729 elegien
436 4661 487 4715 des
506 4655 663 4730 Tibullus,“
682 4652 721 4716 kl.
739 4660 835 4728 philol
853 4658 996 4715 Abhandl.
1014 4659 1048 4714 H.
