3320 5158
792 207 812 270 9

160 412 297 496 elegiae,
327 411 368 478 de
394 366 508 494 quihus
534 410 651 496 agitur,
678 411 858 479 admirabili
886 388 1046 479 suavitate
1073 430 1253 495 magnaque
1282 411 1459 496 sermonis¹

161 515 325 600 elegantia
347 521 479 583 ornatae
502 522 577 582 sunt
598 536 703 599 neque
724 516 827 583 minus
850 537 945 599 quam
967 521 1094 591 ceterae
1117 514 1270 610 orationis
1290 515 1438 600 simpliei-

159 625 229 686 tate
252 619 400 686 eminent.
894 678 895 684 ,
1203 685 1205 690 ,
1361 686 1362 690 ,
1390 707 1392 711 ι

288 724 361 789 Jam
385 724 539 808 sequitur,
568 723 657 790 utin
687 724 745 806 eis,
774 743 856 806 quae
884 729 1068 807 sequuntur,
1092 722 1133 788 de
1163 723 1289 790 dicendi
1318 743 1437 807 genere

158 827 341 894 (tibulliano
363 827 548 913 accuratius¹
565 828 768 894 disseramus.
814 829 920 910 Atque
948 827 1096 911 quoniam
1122 826 1156 892 in
1177 827 1340 911 prioribus
1358 826 1437 920 dini-

157 951 238 1016 mus,
265 952 442 999 sermonem
467 931 684 998 'libulliannm
710 951 781 998 esse
805 930 981 1016 simplicem
1003 936 1036 997 et
1059 929 1336 1015 dilucidum,.iam,
1361 950 1437 1014 quo-

157 1035 252 1101 modo
285 1035 368 1102 hano
388 1035 650 1120 perspicuitatem
678 1041 843 1103 assecutus
873 1035 926 1119 sit,
958 1034 1154 1119 explicemus
1181 1040 1213 1122 et
1236 1054 1435 1120 quaeramus,

158 1138 314 1205 eodemne
333 1140 429 1206 modo
451 1140 533 1206 haec
553 1140 708 1206 sermonis
730 1139 943 1224 perspicuitas
965 1138 999 1204 in
1022 1138 1257 1228 elegiisquarti
1272 1138 1356 1224 libri,
1374 1160 1435 1227 quo

157 1241 301 1310 inlibris
325 1243 426 1327 primo
453 1249 485 1309 et
507 1243 620 1328 altero,
642 1243 685 1309 sit
708 1245 832 1311 effecta.
885 1242 989 1321 Quam
1016 1247 1051 1306 ut
1072 1247 1307 1326 assequeretur,
1330 1241 1434 1327 longis

156 1346 299 1431 periodis
314 1368 379 1432 non
395 1367 470 1413 usus
486 1353 536 1414 est
551 1347 707 1432 Tibullus,
723 1347 782 1413 sed
802 1367 857 1413 eas
873 1368 936 1412 uno
952 1344 1089 1412 disticho
1104 1345 1254 1430 amplecti
1274 1346 1435 1436 studuitl)

158 1449 249 1528 Quae
272 1471 341 1517 curn
364 1450 411 1516 ita
432 1450 507 1535 sint,
528 1451 593 1517 noli
614 1457 739 1535 putare,
762 1449 899 1517 disticha
921 1450 1005 1516 inter
1030 1470 1067 1515 se
1093 1453 1262 1533 conjuncta
1283 1451 1434 1535 nonlegi

156 1554 243 1638 apud
264 1554 434 1638 Tibullum,
457 1554 516 1622 sed
537 1555 619 1621 sicut
640 1554 734 1621 lineis
754 1553 967 1640 compluribus
987 1553 1094 1638 imago
1115 1553 1258 1638 efficitur,
1282 1554 1329 1620 ita
1347 1555 1435 1622 haud

156 1677 229 1723 raro
244 1657 383 1725 disticha
397 1657 550 1724 nonnulla
564 1678 629 1725 una
644 1658 776 1743 periodo
797 1651 1016 1742 complectitur
1030 1658 1136 1742 poeta,
1157 1662 1191 1722 ut
1207 1677 1258 1723 res
1276 1658 1434 1741 quaedam

155 1761 268 1828 melius
292 1762 477 1847 explicetur.
519 1761 585 1828 Sed
606 1762 733 1846 singula
755 1761 893 1828 disticha
914 1782 973 1847 per
995 1783 1031 1828 se
1052 1760 1117 1829 vim
1138 1761 1269 1845 habent,
1292 1761 1326 1827 id
1349 1761 1433 1845 quod

155 1865 250 1931 facile
281 1865 470 1949 intelligitur
500 1881 594 1952 ,oum
626 1886 727 1932 nexus
760 1865 966 1932 distichorum
998 1866 1184 1949 plerumque
1217 1865 1432 1958 paratacticus

155 1969 430 2052 conjunctionibus
452 1969 504 2036 vel
527 1969 693 2054 anaphora
715 1968 901 2054 simpliciter
919 1974 951 2034 et
969 1969 1100 2052 pulchre
1119 1957 1315 2034 efficiaturss'
1342 1969 1433 2046 Quae

154 2091 226 2138 cum
247 2071 294 2139 ita
315 2073 390 2157 sint,
412 2094 477 2139 non
499 2072 658 2157 miramur,
681 2070 965 2156 coniunctionibus,
989 2072 1102 2154 quibus
1126 2071 1304 2138 enuntiatio
1327 2072 1432 2139 altera

154 2176 248 2242 alteri
282 2175 494 2261 subjungitur,
524 2197 588 2243 non
616 2177 663 2242 uti
691 2177 862 2268 Tibullum,
895 2181 930 2241 ut
959 2175 1086 2260 singula
1115 2175 1254 2242 disticha
1282 2174 1366 2242 inter
1394 2195 1431 2243 se

154 2286 332 2348 connectat.
376 2280 536 2366 Sequitur,
558 2287 594 2346 ut
627 2300 915 2364 commemoremus,
948 2279 1012 2346 duo
1040 2266 1169 2345 'tantum
1201 2278 1340 2346 disticha
1372 2280 1432 2348 hoc

153 2383 248 2450 modo
270 2384 400 2468 saepius
423 2384 582 2469 conjungi,
605 2385 708 2473 rarius
731 2390 838 2450 autern
860 2383 932 2468 tria,
955 2383 1117 2450 rarissime
1137 2390 1272 2467 quatuor
1289 2383 1373 2449 inter
1394 2404 1431 2450 se

154 2507 299 2554 connexa
320 2487 465 2555 inveniri.
502 2488 567 2555 Sed
588 2509 629 2555 ne
651 2489 685 2554 in
707 2488 757 2554 his
781 2487 916 2570 quidem
929 2487 1071 2571 periodis
1094 2489 1146 2553 lex
1168 2486 1225 2554 illa
1245 2487 1430 2553 Tibulli-ana

152 2590 336 2677 negligitur,
365 2611 427 2675 qua
455 2599 490 2657 ut
518 2613 577 2677 per
605 2611 641 2658 se
670 2593 735 2659 vim
763 2592 883 2658 haheat
912 2589 1082 2658 distichon·
1102 2590 1250 2673 quodque
1278 2588 1429 2657 sancitur.

15 2732 21 2755 .
153 2694 245 2772 Quae
270 2695 304 2760 in
329 2695 487 2780 prioribus
515 2696 556 2763 de
582 2717 676 2780 nexu,
705 2716 766 2779 quo
794 2695 857 2761 duo
883 2696 935 2762 vel
961 2694 1024 2760 tria
1049 2693 1188 2761 disticha
1209 2714 1274 2760 una
1295 2691 1429 2778 periodo

152 2798 413 2883 complectuntur,
435 2799 627 2884 dictasunt,
654 2800 741 2867 haud
763 2799 866 2865 minus
888 2798 923 2864 in
949 2818 1066 2865 nexum
1087 2798 1299 2864 membrorum
1324 2798 1431 2884 singu·

152 2903 253 2968 lorum
274 2902 482 2970 distichorum
502 2909 577 2970 sunt
599 2903 777 2970 referenda.

279 3006 331 3072 Ad
357 3006 417 3074 has
443 3027 494 3074 res
519 3007 598 3073 nihil
620 3007 755 3074 interest
775 3008 860 3075 inter
882 3006 1032 3092 carmina,
1056 3006 1097 3072 de
1121 3005 1234 3090 quibus
1256 3007 1373 3092 agitur,
1396 3014 1428 3075 et

150 3109 303 3175 libromm
324 3110 418 3194 primi
440 3111 636 3204 alteriusque
658 3110 791 3195 elegias.
828 3113 913 3177 Nam
935 3117 967 3178 et
986 3111 1038 3178 hic
1060 3117 1093 3178 et
1114 3109 1180 3178 illic
1198 3111 1240 3176 ad
1259 3111 1318 3177 has
1340 3113 1428 3196 leges

151 3212 290 3280 disticha
318 3214 455 3281 formata
484 3235 556 3282 esse
585 3215 740 3283 invenies.
784 3217 891 3299 Atque
916 3216 1020 3298 legem
1049 3214 1147 3297 illam,
1179 3234 1261 3297 quae
1290 3214 1429 3282 disticha

150 3315 279 3400 singula
308 3339 366 3402 per
395 3337 432 3384 se
460 3317 525 3385 rim
553 3319 673 3386 habere
702 3318 780 3404 vult,
811 3317 929 3404 optime
960 3318 1165 3384 observatam
1187 3336 1259 3383 esse
1280 3317 1371 3384 vides
1393 3319 1428 3385 in

150 3420 201 3487 his
223 3421 364 3505 periodis
387 3422 450 3488 duo
476 3421 613 3489 disticha
639 3422 936 3508 complectentibus:
965 3423 996 3505 3,
1025 3424 1054 3504 1,
1081 3422 1189 3505 3311,
1218 3422 1272 3506 13,
1300 3423 1350 3506 15,
1374 3425 1427 3507 173

152 3527 203 3609 19,
226 3527 278 3591 21.
300 3565 342 3574 —
365 3529 398 3610 4,
421 3529 451 3611 5,
475 3529 508 3611 73
530 3530 560 3611 9,
585 3530 636 3595 11.
660 3567 702 3576 -
728 3529 759 3612 7,
783 3529 813 3610 7,
836 3529 866 3593 9.
892 3564 935 3574 -
958 3525 1027 3602 Quo
1050 3524 1095 3609 fit,
1117 3531 1152 3590 ut
1174 3525 1224 3591 his
1248 3544 1373 3608 quoque
1395 3525 1428 3592 in

151 3628 264 3712 elegiis
286 3631 535 3716 conjunctiones,
560 3631 673 3714 quibus
696 3630 872 3697 enuntiatio
895 3629 999 3696 altera
1017 3629 1110 3694 alteri
1129 3629 1341 3713 subjungitur,
1363 3651 1428 3695 non

149 3738 283 3816 usurpet
304 3732 347 3798 ad
369 3739 438 3800 tota
459 3734 597 3803 disticha
618 3734 837 3824 connectenda
858 3735 965 3818 polita.
1002 3733 1116 3815 Neque
1134 3733 1237 3799 minus
1257 3733 1348 3816 quod·
1364 3734 1427 3799 duo

149 3841 275 3902 tantum
304 3834 442 3903 disticha
470 3839 611 3923 saepius,
639 3837 742 3904 rarius
768 3844 875 3904 autem
900 3837 965 3903 tria
986 3835 1135 3921 conjungi
1157 3859 1178 3902 1
1199 3837 1326 3903 Tibullo
1350 3837 1426 3928 dixi,

149 3939 263 4005 incidit
283 3939 317 4006 in
340 3940 461 4024 elegias
476 3942 550 4007 libri
567 3941 621 4007 lV.
659 3942 743 4008 Nam
764 3942 864 4008 semel
882 3946 1006 4006 tanturn
1023 3940 1086 4006 tria
1103 3939 1241 4007 disticha
1259 3943 1427 4024 conjuncta

149 4043 300 4127 leguntur
328 4043 389 4111 hoo
420 4045 503 4113 loco:
533 4047 638 4130 2,15.
687 4045 847 4129 Sequitur,
870 4050 905 4110 ut
935 4064 1222 4128 commemoremus,
1251 4044 1285 4109 in
1315 4044 1427 4128 elegiis

149 4146 225 4213 libri
253 4147 298 4212 IV
329 4151 540 4215 membrorum
578 4169 704 4232 quoque
741 4149 949 4217 distichorum
984 4168 1100 4214 nexum
1135 4149 1321 4233 plerumque
1355 4169 1427 4214 esse

149 4251 391 4338 parataeticum,
415 4273 476 4336 quo
499 4253 544 4338 fit,
567 4259 602 4319 ut
624 4253 775 4338 carmina,
798 4253 839 4319 de
863 4253 977 4336 quibus
1000 4251 1116 4336 agitur,
1143 4252 1204 4318 hac
1224 4252 1258 4317 in
1280 4273 1314 4318 re
1337 4251 1426 4318 libris

149 4356 253 4442 primo
277 4361 310 4422 et
332 4356 426 4423 alteri
448 4357 566 4426 similia
588 4377 660 4425 esse
681 4357 803 4425 videas.

278 4460 405 4527 Deinde
427 4467 515 4528 amat
529 4463 635 4546 poiita,
659 4461 846 4546 sententias,
864 4481 947 4544 quae
967 4466 1041 4528 sunt
1063 4460 1097 4527 in
1116 4460 1272 4545 distichis,
1292 4462 1426 4545 plerum·

242 4672 264 4742 ¹)
282 4671 399 4729 charius
417 4672 454 4728 de
471 4671 525 4728 hac
541 4687 574 4729 re
593 4671 664 4728 dixit
680 4671 869 4742 Boltaenthal,
890 4673 908 4728 l.
927 4687 951 4728 0.
969 4689 997 4744 p.
1016 4674 1042 4728 8.
