3320 5158
848 215 890 281 22

233 425 348 496 ceteris
367 430 586 510 congruuntur
604 466 645 475 -
663 414 822 511 Sequitur,
845 433 881 490 ut
902 446 1006 510 pauca
1028 424 1183 509 dicautur,
1209 447 1271 510 quo
1293 425 1391 494 modo
1409 427 1509 512 parti-

233 531 312 597 culis
334 532 493 597 nonnullis
516 531 558 596 sit
584 551 660 596 usus
683 531 838 596 Tibullus.
890 531 932 594 Et
954 531 1088 613 primum
1112 531 1240 613 quidem
1271 531 1312 598 de
1341 531 1510 615 particulis

234 641 315 719 ,ιιιιιι
337 642 369 701 ιι
389 641 440 718 ,et‘
462 633 621 718 agendum
640 641 699 700 est.
744 635 850 716 Atque
870 633 1038 700 discrimen
1059 635 1148 718 apud
1164 635 1325 699 Tibullum
1344 635 1428 700 inter
1447 636 1508 702 bas

233 739 361 806 voculas
392 739 547 805 interesse
577 739 688 805 Lierse
718 740 835 818 teste2)
865 743 999 803 constat.
1052 738 1216 804 Particula
1242 739 1324 805 enim
1351 745 1403 822 ,ιιι
1426 740 1511 804 nibil

233 841 376 923 allicitur,
413 842 475 910 nisi
512 848 546 907 ut
576 842 804 909 enuntiationis
834 847 953 925 partes,
986 861 1068 925 quae
1097 845 1331 926 conjunguntur
1353 843 1413 908 hac
1435 863 1510 927 par-

233 945 339 1028 ticula,
369 951 607 1028 componantur,
634 947 690 1029 ita,
725 951 760 1010 ιιι
782 952 896 1011 neutra
918 945 1079 1029 propriam
1102 944 1165 1012 vim
1194 946 1331 1030 amittat,
1347 948 1505 1014 enuntia

232 1049 329 1116 tionis
351 1049 501 1116 membris
522 1050 636 1115 vocula
658 1055 740 1132 ,que‘
763 1050 862 1114 multo
885 1049 1003 1115 artiore
1026 1049 1151 1116 vinculo
1182 1049 1370 1132 conjunctis.
1415 1051 1503 1128 Quae

233 1173 310 1220 vcra
332 1173 402 1218 esse
424 1153 503 1218 locis
526 1173 543 1218 e
565 1147 647 1218 libro'
670 1153 771 1237 primo
794 1154 959 1235 alteroque
983 1152 1157 1236 desumptis
1180 1155 1368 1237 comprobat
1382 1155 1505 1220 Lierse.

234 1257 324 1333 Quae
353 1277 422 1322 cum
445 1256 491 1322 ita
513 1255 588 1339 sint,
618 1257 691 1320 libri
714 1257 757 1322 lV
788 1256 923 1340 elegiae,
952 1257 980 1322 si
1002 1277 1037 1322 re
1059 1277 1137 1323 vera
1165 1278 1186 1323 a
1208 1258 1336 1322 Tibullo
1366 1259 1510 1342 scriptae

233 1367 316 1442 sunt,
339 1361 454 1426 bacin
476 1381 510 1426 re
533 1381 604 1426 cum
626 1360 741 1426 ceteris
764 1367 949 1444 congruant,
976 1380 1109 1426 necesse
1132 1368 1191 1425 est.
1243 1363 1351 1443 Atque
1373 1383 1437 1428 rem
1459 1364 1506 1429 ita

232 1484 305 1530 sese
327 1465 455 1547 babere,
478 1463 569 1531 vides
592 1485 610 1530 e
632 1463 710 1529 locis
727 1465 789 1529 his:
814 1469 846 1548 2,
860 1467 911 1548 22,
934 1467 968 1548 4,
981 1467 1011 1548 2,
1034 1467 1068 1549 4,
1082 1467 1133 1548 10,
1160 1505 1201 1514 -
1229 1467 1263 1548 4,
1276 1469 1306 1548 9,
1331 1470 1363 1549 5,
1376 1468 1405 1550 8,
1431 1472 1461 1550 5,
1475 1471 1506 1550 9,

235 1571 330 1651 6,13,
356 1570 388 1652 7,
400 1569 431 1632 4.
474 1570 581 1650 Atque
610 1574 645 1632 ut
667 1568 710 1632 ad
738 1568 866 1652 singula
888 1568 1063 1651 veniamus,
1089 1569 1268 1652 particulae
1291 1576 1374 1653 ,que‘
1398 1576 1430 1636 et
1452 1576 1506 1654 ,et‘

232 1671 362 1755 saepius
384 1677 587 1754 usurpantur,
611 1676 646 1735 ut
667 1672 809 1737 membra
831 1671 1036 1738 distichorum
1062 1672 1287 1756 bipartitorum
1316 1681 1506 1740 connectant

233 1775 292 1842 boc
307 1775 498 1858 discrimine,
514 1781 549 1839 ut
564 1775 721 1858 particula
737 1782 801 1859 ,et‘,
823 1775 852 1841 si
867 1782 968 1841 totum
983 1798 1001 1841 e
1016 1776 1166 1842 membris
1182 1778 1214 1844 vi
1231 1778 1362 1860 paribus
1378 1778 1506 1862 evadat,

232 1881 346 1947 vocula
368 1885 450 1963 ,que‘
473 1885 581 1944 utatur
603 1881 709 1963 potita,
739 1881 841 1945 altero
871 1880 1011 1945 membro
1041 1880 1292 1964 amplificationi,
1323 1881 1364 1946 do
1387 1900 1451 1963 qua
1472 1883 1505 1947 in

232 1983 390 2066 prioribus
413 1983 531 2050 dictum
553 1989 612 2066 est,
635 1983 839 2050 inserviente.
885 1984 987 2061 Quam
1009 1984 1114 2067 legem
1136 2005 1200 2049 non
1226 1984 1347 2066 ubique
1368 2007 1388 2050 a
1410 1988 1505 2069 polita

231 2107 304 2154 esse
327 2089 542 2170 observatam,
565 2087 679 2153 Lierse
701 2087 771 2170 ipse
793 2088 948 2154 concedit.
982 2090 1088 2170 Atque
1108 2086 1279 2155 dicendum
1295 2094 1355 2172 est,
1375 2091 1504 2174 saepius

231 2193 310 2276 lieri,
329 2198 369 2256 ut
390 2191 530 2258 dubitari
552 2191 666 2275 possit,
696 2197 800 2256 utrum
827 2191 1019 2258 senteutiam
1049 2192 1082 2258 in
1112 2193 1193 2260 duas
1222 2199 1331 2276 partes
1360 2193 1506 2261 diviserit

232 2298 329 2380 podta
349 2317 392 2361 an
413 2295 502 2379 prius
523 2295 698 2362 membrum
720 2295 822 2361 altero
844 2295 1097 2380 amplificaverit.
1140 2297 1213 2362 Jarn
1235 2303 1411 2379 sequantur
1432 2298 1509 2364 libri

231 2401 275 2465 ιιι
298 2400 369 2483 ιοιι,
398 2399 431 2464 in
456 2399 570 2480 quibus
593 2398 751 2482 particula
774 2404 856 2482 ,que‘
878 2399 984 2483 posita
1013 2399 1151 2483 priorem
1180 2400 1375 2466 sententiam
1401 2401 1509 2468 altero·

231 2504 371 2570 membro
392 2503 587 2586 amplificare
601 2505 698 2586 polita
719 2502 857 2568 videtur:
882 2506 977 2587 3,10,
1000 2506 1033 2587 4,
1048 2507 1098 2589 12,
1125 2506 1219 2587 6,12.
1244 2545 1285 2553 -—
1306 2507 1412 2586 Atque
1434 2525 1505 2571 sen·

230 2608 364 2675 tentiam
392 2607 550 2692 particula
573 2612 625 2689 ,ιιι
651 2605 758 2690 posita
779 2627 800 2671 a
821 2608 918 2690 polita
946 2608 979 2673 in
1009 2608 1089 2675 duas
1118 2607 1390 2691 partesdivisam
1420 2627 1501 2685 esse,

232 2712 380 2794 equidem
400 2717 477 2795 puto
501 2711 550 2776 his
572 2711 664 2776 locis:
689 2712 785 2795 3,14,
810 2713 841 2794 3,
854 2712 905 2795 24,
926 2714 960 2797 4,
973 2715 1024 2780 26.
1047 2751 1089 2762 -
1117 2711 1238 2790 Restat,
1260 2715 1295 2772 ut
1316 2725 1499 2772 commemo·

230 2824 340 2882 rentur
360 2816 433 2898 loci,
456 2815 496 2881 de
520 2815 634 2897 qulbus
656 2815 724 2880 iure
747 2814 887 2880 dubitari
909 2817 1021 2900 possit,
1051 2820 1154 2880 utrum
1183 2813 1281 2897 pob'ta
1309 2807 1502 2876 sententiam

231 2920 263 2986 in
282 2920 364 2984 duas
386 2925 495 3002 partes
511 2918 659 2986 dividere
678 2941 719 2985 an
736 2919 930 3003 amplificare
945 2920 1094 2984 habuerit
1112 2919 1146 2983 in
1161 2916 1281 2983 animo:
1304 2917 1407 2996 4,1s;
1430 2917 1460 2994 5,
1472 2913 1503 2976 4.

230 3025 304 3090 Mea
327 3023 454 3104 quidem
483 3024 645 3088 sententia
673 3024 706 3088 iu
735 3024 785 3088 his
814 3024 894 3091 locis
922 3021 1115 3088 seutentiam
1145 3019 1283 3101 priorem
1308 3015 1503 3099 amplificare

231 3129 299 3194 vult
320 3128 427 3212 podta.
473 3126 564 3203 Quae
587 3146 656 3192 cum
678 3127 725 3192 ita
746 3128 820 3213 siut,
842 3127 876 3192 in
893 3123 1004 3208 elegiis
1019 3122 1094 3187 libri
1111 3119 1226 3203 quarti,
1245 3125 1281 3184 ut
1297 3118 1505 3184 distichorum

232 3232 372 3297 membra
394 3236 632 3315 connectantur,
648 3231 821 3315 particulas
841 3235 894 3316 ,ιιι
917 3234 950 3296 ιι
969 3232 1050 3313 ‚quc‘
1071 3245 1175 3308 aeque
1192 3223 1341 3307 usurpari
1359 3222 1505 3289 vincam

231 3341 328 3418 atque
351 3335 494 3401 inlibris
517 3335 619 3419 primo
641 3341 673 3401 et
695 3337 806 3401 altero.
851 3337 957 3417 Atque
984 3330 1139 3398 intuearis
1168 3328 1275 3413 velim,
1297 3327 1350 3394 hic
1379 3346 1505 3409 quoque

231 3439 336 3523 legem
353 3439 442 3506 illam
463 3459 527 3506 non
548 3439 667 3521 ubique
689 3442 805 3523 (4183
828 3442 859 3522 5,
872 3439 906 3524 4)
925 3435 1101 3519 observari,
1125 3454 1187 3516 quo
1202 3432 1248 3516 fit,
1271 3437 1306 3496 nt
1321 3429 1505 3514 similitudo,

232 3563 316 3626 quae
335 3543 420 3611 iuter
441 3544 556 3609 librum
579 3549 724 3625 quartum
747 3550 779 3608 et
802 3541 937 3626 primum
960 3541 1158 3620 alterumque
1177 3535 1357 3618 intersedit,
1379 3535 1506 3601 eviden-

231 3647 294 3730 tior
323 3667 399 3714 esse·
424 3646 582 3714 videatur.
626 3647 700 3712 Jam
728 3667 804 3713 vero
835 3644 934 3728 quod.
949 3641 1133 3708 observavit
1162 3639 1286 3724 Lierse,
1316 3639 1507 3723 particulam
1637 3653 1638 3666 ¹

232 3757 284 3836 ,ιιι
318 3752 416 3818 multo
449 3751 584 3834 saepius
616 3751 659 3816 ad
696 3756 765 3816 tota
802 3748 939 3815 disticha
976 3745 1196 3813 connectenda
1228 3743 1376 3827 usurpari
1412 3763 1507 3826 quam

230 3856 375 3922 voculam
405 3860 499 3939 ,que‘,
529 3854 649 3938 optime
678 3854 720 3920 ad
751 3852 889 3936 elegidia
917 3850 991 3916 libri
1017 3851 1061 3916 lV
1092 3850 1239 3932 quadrat.
1291 3849 1392 3916 Pob’ta
1423 3847 1506 3914 enim

232 3959 390 4042 particula
416 3963 469 4044 ,ιιι
499 3965 548 4025 ιιι
579 3977 638 4025 uso
672 3961 720 4042 (2,
735 3960 784 4041 19,
820 3960 851 4039 3,
864 3958 916 4040 21,
943 3957 976 4038 4,
989 3957 1023 4038 7)
1056 3955 1156 4021 semel
1189 3958 1314 4019 tantum
1346 3951 1507 4019 iuvenitur
1636 3961 1637 4030 f

319 4252 341 4320 ¹)
359 4251 453 4307 Locos
471 4250 538 4312 libri
554 4251 602 4319 IV,
622 4251 670 4321 qui
688 4249 838 4320 spectandi
856 4251 938 4317 sunt„
949 4261 1098 4304 enumero:

399 4341 459 4403 4·,2,
470 4340 511 4407 19,
529 4339 642 4406 4223,
659 4339 685 4399 4,
695 4338 720 4400 5,
731 4339 755 4392 7.

338 4451 343 4461 ·
398 4426 459 4487 aa,
470 4426 512 4495 10,
529 4426 589 4487 4,4‚
600 4426 642 4478 ae.
669 4453 703 4463 -
726 4421 1084 4491 4‚e‚1a,4,o,1o,uu‚e,
1105 4417 1202 4479 aen

264 4572 270 4582 ,
317 4511 340 4580 ²)
360 4511 395 4566 ct.
412 4513 525 4568 Lierse:
543 4511 657 4587 ,Ueber
674 4511 721 4566 dic
739 4509 911 4566 Unecbthsit
930 4509 984 4564 des
1002 4506 1109 4562 dritten
1127 4498 1373 4559 'l'ibulliauischuu
1392 4495 1506 4554 Buches

360 4599 448 4654 nabot
472 4599 551 4653 einer
577 4596 794 4665 Uutersuchuug
819 4595 964 4652 libandis
991 4592 1215 4663 Gonjunctioneu
1243 4587 1295 4643 des
1323 4585 1421 4642 'libull
1447 4586 1506 4640 und

359 4679 549 4755 Lygdamus.“
584 4683 743 4751 Bromberg
764 4683 838 4738 1875.
875 4697 902 4751 p.
920 4681 962 4734 21.
