3320 5158
868 238 909 304 29

253 447 388 533 videtur,
419 453 455 514 ut
481 446 620 532 elegidia
646 447 703 514 illa
729 469 749 514 a
771 446 898 515 Tibullo
925 448 1069 533 prolecta
1094 469 1166 516 esse
1196 469 1305 534 neges,
1335 450 1525 535 praesertim

254 573 350 637 quum
371 552 405 619 in
427 553 588 637 plerisque
612 552 757 621 versibus
780 553 957 637 spondeum
977 552 1011 619 in
1037 552 1139 636 primo
1160 554 1231 620 loco
1253 553 1392 638 positum
1414 553 1524 636 dedita

253 679 353 742 opera
375 656 569 740 quaesiverit
590 655 746 723 Tibullus.
791 657 897 740 Atque
919 655 1105 742 spondeum,
1130 677 1222 739 quem
1244 658 1277 723 in
1299 657 1390 724 initio
1413 679 1523 727 versus

255 763 308 847 Ν,
321 763 350 847 2,
365 763 404 829 12
426 761 518 845 legis,
542 779 739 846 excusamus,
763 761 838 845 quia
860 762 1046 827 hexameter
1068 767 1100 826 et
1126 767 1327 846 pentameter
1355 763 1388 828 in
1413 785 1525 831 versus

252 866 345 932 initio
382 865 562 948 aequaliter
597 871 672 931 sunt
710 864 831 931 structi.
875 864 1029 930 Similiter
1064 886 1116 932 res
1149 885 1221 932 sese
1254 865 1353 933 habet
1385 867 1439 953 IV,
1451 870 1482 952 2,
1494 869 1524 933 6.

254 970 501 1036 Similitudinum
529 969 614 1036 enirn
643 969 884 1051 sententiarum,
916 989 998 1050 quae
1030 968 1138 1034 insunt
1167 969 1201 1035 in
1231 969 1376 1036 distichis
1398 973 1419 1036 5
1442 979 1473 1037 et
1496 975 1526 1056 7,

254 1075 319 1140 iam
351 1074 421 1160 pari
454 1075 623 1142 verborum
656 1072 866 1139 collocatione
895 1073 1008 1138 efferre
1037 1073 1105 1140 vult
1135 1075 1241 1156 potita.
1286 1075 1414 1140 Initium
1444 1076 1528 1142 enim

253 1178 348 1245 sumit
370 1178 529 1244 distichon
547 1183 714 1260 utrumque
736 1200 757 1243 a
775 1177 971 1261 pronomine,
996 1176 1080 1259 quod
1103 1183 1152 1242 est
1172 1177 1258 1262 ,ille‘,
1281 1177 1315 1244 in
1337 1179 1524 1246 hexametro

254 1281 383 1348 distichi
405 1283 569 1364 utriusque
591 1282 716 1349 invenis
740 1280 990 1346 enuntiationem
1016 1281 1252 1366 secundariam,
1281 1283 1314 1347 in
1336 1284 1528 1366 pentametri

254 1385 420 1468 utriusque
441 1385 533 1452 initio
556 1387 657 1452 habes
680 1386 825 1469 verbum,
848 1389 881 1448 et
907 1383 959 1451 hic
985 1390 1017 1449 et
1043 1383 1109 1450 illic
1134 1385 1313 1469 subjectum
1339 1386 1372 1452 in
1399 1386 1527 1453 distichi

254 1491 318 1556 line
339 1490 478 1575 positum
501 1495 559 1556 cst.
605 1489 676 1566 Quo
698 1489 743 1573 fit,
768 1495 801 1552 ut
823 1489 953 1554 verbum
977 1487 1153 1573 accendit,
1183 1493 1272 1573 cujus
1296 1490 1380 1556 duae
1405 1491 1527 1575 primae
1648 1571 1649 1576 ἵ

255 1594 402 1679 syllabae
424 1600 498 1660 sunt
519 1593 708 1678 productae,
737 1592 773 1660 in
794 1582 986 1676 pentametri
1017 1590 1107 1656 initio
1129 1592 1265 1675 legatur.
1288 1633 1330 1642 —-
1352 1595 1458 1676 Atque
1473 1594 1527 1679 IV,
1603 1671 1613 1690 ·

256 1701 341 1782 3,14
370 1699 418 1788 (et
439 1700 578 1784 demam)
605 1703 670 1762 tres
693 1696 840 1780 syllabae
866 1694 1055 1779 productae,
1082 1715 1103 1760 a
1129 1695 1243 1777 quibus
1271 1697 1393 1763 orditur
1418 1705 1529 1781 penta-

255 1808 365 1887 meter,
388 1801 590 1886 senteutiam,
614 1821 697 1883 quae
719 1801 753 1866 in
776 1798 881 1868 verbis
901 1797 1093 1883 pentametri
1112 1800 1205 1884 inest,
1221 1820 1340 1884 magna
1354 1803 1386 1868 vi
1402 1808 1528 1867 senten-

255 1906 309 1972 tiis
331 1905 595 1973 antecedentibus
618 1905 704 1991 (ipsa
726 1924 800 1987 ego,
828 1903 900 1987 ipsa
927 1905 1001 1991 ego)
1028 1903 1216 1987 adjungunt.
1262 1903 1408 1980 Quodam
1434 1905 1528 1971 modo

258 2011 357 2078 verba
380 2012 462 2096 ,ipsa
484 2016 565 2094 ego‘,
590 2029 673 2092 quae
695 2009 810 2074 desunt
832 2007 866 2072 in
886 2006 978 2072 initio
1001 2007 1203 2092 pentametri,
1226 2029 1432 2092 compensare
1451 2010 1528 2094 vult,

258 2133 352 2194 quum
380 2122 445 2182 tres
475 2115 619 2200 syllabas
648 2111 820 2196 productas
843 2118 952 2194 ponat.
997 2111 1066 2177 Nec
1086 2110 1189 2176 miuus
1221 2111 1274 2194 IV,
1287 2113 1317 2195 6,
1331 2113 1371 2178 12
1397 2111 1448 2179 hic
1470 2133 1528 2196 pes

257 2219 386 2300 probari
419 2225 536 2304 potest.
585 2216 709 2284 Pariter
738 2216 793 2300 IV,
813 2216 886 2299 4,4
918 2213 1111 2297 adjectivum
1155 2214 1349 2301 ,formosam
1388 2216 1529 2299 pondere

259 2326 396 2408 quodam
435 2324 470 2389 in
509 2320 701 2409 pentametri
741 2319 833 2386 initio
874 2319 1056 2386 collocatur.
1112 2319 1212 2385 Poeta
1256 2319 1340 2385 cuim
1371 2321 1453 2404 petit
1487 2323 1528 2387 ab

258 2430 416 2514 Apolline,
438 2435 473 2495 ut
495 2428 660 2495 medeatur
681 2424 852 2510 Sulpiciae,
875 2423 1063 2508 praesertim
1086 2441 1157 2489 cum
1178 2423 1220 2489 sit
1242 2425 1351 2507 puella
1372 2425 1530 2492 formosis-

259 2533 349 2598 sima.
394 2531 540 2610 Quodam
569 2517 663 2598 modo
694 2530 754 2596 hoc
787 2527 947 2612 adjectivo
977 2547 1106 2595 causam
1135 2528 1250 2594 afferre
1283 2528 1383 2596 voluit
1422 2530 1529 2614 poiita,

260 2655 323 2717 qua
359 2637 483 2704 facilius
517 2640 756 2721 permoveretur
785 2633 879 2716 deus,
909 2638 944 2697 ut
973 2637 1114 2698 amatam
1142 2637 1282 2699 sanaret.
1327 2632 1531 2718 Quapropter

259 2741 377 2825 optime
404 2741 558 2824 spondeo,
586 2759 649 2819 qua
668 2737 701 2802 vi
723 2736 765 2800 sit
784 2734 987 2817 adJectivum,
1006 2734 1174 2802 indicatur.
1231 2735 1356 2802 Deinde
1379 2737 1432 2822 lV,
1444 2739 1476 2822 4,
1488 2741 1530 2806 22

259 2840 445 2922 magnitudo
477 2838 641 2920 miseriae,
676 2854 739 2917 qua
771 2837 869 2919 poeta
902 2837 987 2903 affici
1026 2844 1134 2922 potest
1170 2840 1331 2924 Sulpiciae
1368 2842 1529 2927 superbia,

260 2941 404 3027 spondeo
436 2941 470 3006 in
503 2940 604 3025 primo
633 2959 744 3006 versus
778 2940 847 3007 loco
881 2941 986 3025 posito
1020 2943 1104 3011 bene
1141 2945 1340 3012 describitur.
1383 2945 1531 3028 Denique

260 3047 314 3131 Ν,
328 3047 390 3130 7,2
409 3045 472 3131 vis,
497 3064 560 3128 qua
583 3050 633 3112 est
648 3043 808 3130 ,nudasse‘
828 3044 862 3111 in
878 3045 1108 3133 enuntiatione,
1124 3051 1268 3132 spondeo
1291 3050 1428 3115 effertur.
1464 3051 1533 3116 Nec

259 3150 364 3217 minus
397 3151 431 3217 in
463 3151 542 3218 locis
573 3151 669 3236 Ν,6,
684 3153 734 3234 10,
765 3151 820 3234 Ν,
833 3153 863 3235 2,
875 3152 928 3234 22,
960 3151 1013 3235 Ν,
1026 3154 1092 3236 3,8
1126 3153 1304 3236 spondeum
1334 3174 1531 3238 excusamus,

261 3273 357 3336 quum
379 3254 497 3336 ubique
520 3274 558 3319 eo
581 3273 657 3320 usus
680 3252 723 3318 sit
745 3255 852 3336 poeta,
882 3260 916 3316 ut
939 3273 1049 3318 vocem
1071 3253 1104 3318 in
1128 3255 1230 3336 primo
1249 3256 1442 3339 pentametri
1463 3260 1533 3325 loco

261 3358 450 3425 collocatam
472 3355 650 3439 insigniret.

390 3461 481 3538 Quae
497 3480 567 3528 curn
583 3459 630 3526 ita
646 3458 721 3544 sint,
736 3479 801 3526 nou
817 3479 1059 3544 commovemur,
1077 3459 1162 3543 quod
1177 3461 1313 3528 formula
1327 3501 1534 3526 ------

260 3566 343 3634 liber
364 3565 408 3632 Ν
428 3587 449 3632 a
471 3564 586 3632 ceteris
609 3564 750 3650 differat,
780 3570 815 3629 ut
838 3563 970 3649 elegias,
1001 3563 1042 3632 de
1072 3565 1186 3648 quibus
1217 3566 1332 3652 agitur,
1362 3569 1533 3636 aTibullo

259 3671 396 3755 scriptas
427 3691 499 3737 esse
528 3689 693 3754 negemus,
728 3688 824 3753 quum
856 3659 1018 3753 plerisque
1051 3671 1085 3737 in
1117 3671 1196 3739 locis
1229 3671 1404 3738 iustissima
1437 3693 1535 3741 causa

261 3774 385 3858 positus
408 3795 480 3842 esse
502 3775 651 3844 rideatur
674 3773 847 3858 spondeus.

387 3880 502 3963 Neque
525 3879 697 3964 quidquam
724 3879 963 3964 comparatione
989 3879 1104 3963 prioris
1126 3882 1319 3965 pentametri
1342 3883 1534 3950 hemistichii

261 4001 330 4049 cum
355 3983 461 4067 priore
494 3984 671 4051 hexametri
703 3989 795 4068 parte
829 3984 871 4050 ab
902 3984 1070 4072 Eichner1)
1099 3985 1247 4054 instituta
1272 3987 1441 4073 invenitur,
1472 4007 1534 4072 quo

263 4086 402 4172 elegidia
430 4087 504 4153 libri
533 4089 577 4153 IV
606 4111 626 4156 a
656 4090 770 4157 ceteris
801 4088 913 4172 elegiis
947 4109 968 4155 a
995 4089 1122 4157 Tibullo
1155 4091 1339 4176 compositis
1371 4092 1533 4160 recedant.

259 4191 427 4258 Formulae
458 4191 542 4257 enim
564 4192 649 4279 illae,
678 4193 792 4277 quibus
822 4193 967 4259 Tibullus
997 4193 1039 4259 ad
1068 4194 1191 4278 priores
1221 4196 1386 4279 utriusque
1420 4217 1532 4264 versus

262 4294 390 4362 ordines
426 4297 661 4380 componendos
695 4297 824 4381 saepius
861 4297 894 4363 in
931 4297 1021 4364 libris
1056 4299 1158 4382 primo
1199 4307 1232 4366 et
1276 4301 1378 4367 altero
1423 4301 1532 4388 utitur,

261 4398 329 4467 iere
350 4400 464 4468 eodem
486 4421 615 4468 numero
638 4408 831 4486 usurpantur
859 4401 893 4467 in
919 4402 1001 4469 libro
1024 4403 1078 4467 IV.
1121 4404 1227 4486 Atque
1250 4425 1268 4472 e
1291 4405 1533 4488 quaestionibus

261 4504 343 4591 illis,
381 4527 461 4590 quas
494 4507 633 4573 Eichner
665 4507 777 4573 habuit
813 4507 853 4574 de
889 4505 1011 4574 numeri
1045 4506 1253 4574 similitudine
1286 4516 1343 4577 aut
1375 4509 1534 4580 varietate

347 4719 372 4790 ¹)
391 4720 426 4777 cf.
445 4721 576 4794 Eichner,
595 4721 664 4778 diss.
681 4736 709 4792 p.
727 4723 750 4778 ὅ.
