3320 5158
834 251 876 316 34

749 342 952 350 ι----

216 456 310 526 crinis
333 456 446 524 mediis
469 477 580 524 versus
604 457 681 525 locis
706 456 902 543 (hexametro
925 458 950 540 l,
963 461 992 541 9,
1006 459 1046 523 67
1069 458 1227 542 neglecto,
1259 458 1313 541 qui
1340 457 1401 524 hoc
1422 458 1494 523 sub-

215 560 355 628 61661166
389 559 560 648 clauditur)
594 582 614 626 a
647 561 775 626 Tibullo
808 560 957 645 usurpari
989 561 1028 645 (Ι,
1044 563 1074 644 4,
1091 563 1143 644 38,
1178 563 1202 644 1,
1221 564 1250 644 6,
1267 563 1319 645 68,
1353 562 1378 644 Ι,
1396 563 1425 644 3,
1442 563 1493 645 69,

214 665 256 748 ΙΙ,
268 668 299 749 8,
313 666 378 752 25).
423 664 448 748 l,
463 667 491 748 1,
504 666 545 731 68
567 669 769 748 pentameter
791 664 833 730 ab
855 664 916 730 hoe
937 665 1093 731 vocabulo
1117 665 1203 749 capit
1225 664 1390 752 initiuml)

345 768 416 845 Qua
438 767 521 834 inre
545 768 573 833 si
596 768 831 851 comparaveris
856 787 967 835 666666
995 768 1047 851 17,
1065 771 1094 851 2,
1107 773 1127 836 9
1140 774 1172 834 61
1186 770 1226 836 10
1248 768 1389 852 omneis,
1412 787 1495 851 quae

215 871 308 938 modo
332 870 373 938 de
394 871 484 937 libris
507 871 609 955 primo
633 876 666 937 et
687 871 788 937 altero
811 871 888 952 dixi,
920 871 1058 938 mirabili
1089 891 1246 938 consensu
1276 877 1494 953 concentuque

215 975 365 1060 conjungi
390 975 465 1040 libri
494 976 539 1040 IV
567 974 690 1058 elegias
721 994 790 1041 oum
819 974 945 1059 ceteris,
974 974 1111 1042 videbis.
1155 975 1363 1042 Substantivo
1386 972 1494 1058 capilli

302 1242 323 1309 ¹)
343 1241 434 1306 Quum
461 1241 497 1296 de
516 1256 619 1295 versus
637 1239 708 1296 locis
731 1253 856 1308 agamus,
880 1239 908 1293 in
935 1239 1037 1309 quibus
1062 1239 1246 1294 substantiva
1269 1253 1376 1307 comae,
1400 1239 1495 1308 crinis,

343 1328 438 1397 capilli
456 1327 644 1386 inveniuntur,
667 1341 760 1396 panca
783 1326 812 1379 in
833 1324 996 1380 universum
1012 1325 1048 1380 de
1064 1325 1145 1394 locis,
1163 1325 1210 1395 qui
1226 1324 1299 1380 haec
1313 1325 1495 1380 substantiva

341 1413 490 1484 praebent,
510 1413 659 1467 addantur.
691 1413 791 1482 *Atque
811 1412 902 1466 crines
922 1411 1039 1481 pulchre
1059 1412 1217 1481 dispositos
1236 1427 1383 1481 pexusque
1407 1411 1494 1466 homi-

342 1501 426 1555 nihus
453 1515 556 1568 magno
580 1515 646 1555 6666
670 1503 836 1554 ornamento
862 1501 946 1566 putat
970 1497 1111 1553 Tibullus.
1144 1498 1275 1560 -Iuvenis,
1306 1497 1353 1568 qui
1380 1498 1495 1567 puellae

344 1587 459 1657 placere
477 1586 545 1654 vult,
565 1600 672 1640 comam
690 1585 781 1655 pectit
800 1585 901 1652 (1,8,9,
914 1586 966 1653 10),
994 1584 1099 1657 666116,
1120 1599 1193 1654 quae
1212 1583 1318 1653 ,iuveni
1336 1584 1399 1639 volt
1416 1584 1495 1638 bolla

343 1674 455 1742 videri‘,
469 1664 685 1742 diligentissime
696 1672 788 1726 crines
800 1671 926 1740 disponit
942 1671 974 1738 (Ι,
985 1673 1008 1733 9,
1019 1672 1072 1736 67);
1090 1687 1185 1731 senex,
1205 1671 1254 1740 qui
1269 1687 1363 1727 amore
1380 1671 1494 1740 puellae

344 1765 440 1816 aetate
458 1759 607 1829 formaque
626 1759 753 1814 florentis
773 1759 893 1828 deperit,
914 1757 1034 1827 capillos
1054 1771 1126 1812 6666
1144 1762 1262 1813 senecta
1277 1757 1398 1814 infectos
1414 1757 1494 1812 nucis

341 1846 428 1902 viridi
455 1845 561 1901 cortice
590 1845 675 1914 tingit
701 1845 887 1914 manibusque
914 1844 1036 1914 trepidis
1063 1844 1145 1913 fingit
1172 1845 1238 1912 (12,
1250 1846 1292 1913 91,
1318 1845 1339 1907 1,
1351 1845 1375 1906 8,
1385 1846 1418 1897 41
1447 1843 1495 1914 [de

344 1933 470 2005 puellall.
516 1933 633 1987 Miratur
664 1935 758 2002 66616,
789 1931 923 2000 Priapum
953 1931 1050 2000 pueris
1081 1931 1206 2001 placere,
1240 1945 1325 2000 quum
1350 1931 1378 1986 ei
1401 1931 1496 1986 barba

342 2037 399 2076 non
423 2021 521 2081 niteat,
548 2033 629 2074 coma
652 2034 709 2073 non
733 2018 771 2073 sit
790 2018 866 2072 culta
885 2018 916 2084 (1,
927 2018 952 2078 4,
961 2019 999 2086 4).
1045 2018 1146 2088 Neque
1175 2021 1259 2072 66616
1285 2018 1396 2087 magico
1424 2033 1494 2072 anus

344 2109 446 2170 6116611,
466 2112 497 2161 61
515 2106 615 2162 Deliae
635 2121 730 2160 amore
748 2105 897 2174 flagrarem
923 2106 1005 2159 immo
1024 2103 1106 2168 16616,
1133 2105 1240 2160 1666616
1264 2104 1388 2165 16666116,
1412 2103 1494 2159 116616

345 2196 431 2250 comis
450 2199 562 2249 amatae
580 2197 680 2262 raptus
700 2195 753 2247 est.
790 2191 822 2259 (Ι,
841 2191 864 2253 5,
876 2193 931 2258 44.)
968 2191 1115 2247 Phoebum
1133 2192 1237 2247 invitat
1254 2196 1350 2260 poeta,
1369 2196 1401 2245 61
1419 2191 1496 2245 66611

343 2281 505 2343 1166661166,
526 2280 574 2349 qui
593 2279 621 2333 in
639 2277 821 2337 sacerdotum
835 2279 987 2346 collegium
1011 2278 1193 2348 recipiendus
1213 2283 1284 2346 erat,
1302 2283 1389 2347 atquc
1408 2277 1495 2346 petit,

343 2374 375 2421 61
385 2367 499 2432 ,nitidus
509 2365 694 2434 pulcherque‘
705 2365 810 2420 veniat.
838 2365 998 2433 Propterea
1010 2363 1081 2420 deus
1092 2365 1192 2419 induat
1202 2369 1320 2432 ‚vestem
1330 2365 1494 2432 6666611666ι

344 2459 430 2524 atque
450 2468 544 2508 comas
563 2453 664 2520 longas
683 2452 757 2506 hene
776 2451 964 2520 poetaque,
975 2453 1012 2520 8).
1040 2451 1118 2516 Quae
1137 2467 1199 2510 cum
1216 2452 1258 2505 ita
1276 2451 1339 2512 sint,
1360 2450 1493 2505 eTihnlli

343 2540 486 2597 sententia
504 2539 601 2610 666116
619 2554 670 2593 666
688 2537 807 2607 1666616,
833 2539 881 2608 qui
907 2537 978 2594 belli
1001 2538 1103 2593 haberi
1127 2539 1236 2606 volunt,
1260 2537 1387 2606 pulchris
1406 2537 1492 2592 comis

344 2628 439 2684 ornati
457 2643 521 2682 esse
541 2625 657 2681 debent
698 2624 780 2689 Quod
805 2625 955 2684 sententia,
975 2639 1049 2695 quac
1067 2625 1142 2679 inest
1165 2624 1194 2677 in
1218 2625 1282 2679 loco
1300 2623 1322 2691 1,
1331 2625 1356 2686 3,
1367 2626 1409 2692 69,
1426 2639 1492 2692 pro·

345 2716 438 2772 batur.
475 2713 641 2782 Tisiphone,
669 2712 769 2766 mulier
794 2711 865 2781 dira,
893 2717 938 2767 661
963 2712 1100 2788 „impexa
1125 2715 1157 2764 61
1175 2713 1278 2779 666166
1296 2710 1396 2764 6661616
1420 2705 1493 2778 6166,

343 2803 493 2871 16666666
514 2800 639 2856 crinibus
658 2792 790 2868 666666.α

444 2888 536 2956 Igitur
554 2903 637 2956 quum
655 2885 788 2956 Sulpicia,
807 2900 880 2955 quae
898 2884 997 2939 Martis
1016 2884 1150 2939 Calendis
1170 2900 1201 2939 66
1221 2883 1380 2952 exornavit,
1398 2881 1495 2952 puella

344 2974 551 3052 formosissima
569 2973 615 3041 sit,
635 2975 842 3041 exspectamus,
864 2970 937 3040 1666,
962 2971 1040 3024 6116
1058 2971 1267 3040 pulchritudine
1285 2973 1495 3039 venustateque

258 3115 260 3120 ,
340 3060 403 3130 ejus
426 3056 622 3114 adumbrantia
654 3057 791 3127 pulchrae
817 3072 914 3112 comae
939 3062 1199 3120 commemorentur,
1225 3086 1260 3096 —
1288 3056 1312 3110 si
1337 3071 1355 3110 a
1377 3056 1493 3111 Tibullo

342 3146 396 3202 hae
421 3145 532 3216 elegiae
558 3145 683 3214 scriptae
709 3149 782 3200 sunt.
823 3144 923 3214 Neque
948 3159 1000 3213 spe
1026 3144 1213 3212 destituimur,
1230 3144 1261 3198 id
1280 3143 1356 3214 quod
1374 3143 1494 3198 videse

342 3234 478 3290 versibus
498 3235 514 3286 9
534 3236 564 3287 et
582 3233 628 3285 10:

520 3319 577 3374 Seu
596 3318 684 3374 solvit
702 3318 803 3387 crines,
821 3317 893 3372 16616
913 3319 998 3374 (16661
1016 3333 1082 3373 6666
1101 3318 1220 3388 capillis,

519 3405 576 3460 Seu
595 3406 723 3474 compsit,
742 3405 861 3473 comptis
880 3410 926 3460 est
944 3405 1111 3460 veneranda
1130 3405 1225 3459 comis.

342 3496 438 3563 Atque
456 3493 606 3561 sententia,
625 3507 698 3562 quae
716 3492 744 3546 in
762 3507 850 3546 66666
873 3507 948 3547 6666
973 3492 1053 3553 16661,
1079 3492 1211 3560 puellam,
1238 3490 1368 3560 quamvis
1392 3489 1430 3544 sit
1453 3489 1493 3542 in-

342 3583 465 3649 compta,
490 3579 606 3648 placere
630 3594 726 3648 posse,
750 3578 778 3631 in
802 3578 883 3633 libris
910 3593 1031 3649 quoque,
1059 3578 1107 3647 qui
1129 3578 1166 3632 ab
1186 3579 1315 3634 omnibus
1334 3576 1495 3631 tribuuntur

342 3666 467 3728 Tibullo,
490 3663 635 3719 invenitur
653 3664 673 3726 l,
685 3666 709 3728 8,
723 3665 768 3718 15:

520 3751 575 3805 1116
593 3751 697 3819 616661,
718 3750 846 3820 quamvis
865 3750 971 3805 inculto
990 3751 1104 3805 venerit
1123 3765 1173 3804 ore

521 3838 581 3892 Nec
598 3837 719 3892 nitidum
737 3837 821 3891 tarda
840 3837 994 3905 compserit
1012 3841 1075 3892 6616
1095 3840 1189 3905 66661.

343 3925 423 3981 Η666
441 3924 587 3979 hactenus.

445 4005 532 4066 Simili
552 4011 637 4067 modo
655 4027 758 4066 vorsus
777 4015 806 4065 et
826 4013 865 4074 16,
879 4012 919 4077 16,
939 4010 1024 4070 11,12
1043 4014 1073 4065 61
1092 4010 1176 4072 raab
1194 4009 1222 4062 16
1240 4009 1402 4063 memoriam
1417 4008 1494 4061 loco-

343 4115 403 4154 rum
420 4097 557 4154 librorum
582 4098 666 4168 primi
690 4097 865 4167 alteriusque
890 4113 942 4152 nos
968 4097 1116 4152 reducunt,
1158 4095 1263 4151 Vestes
1288 4095 1361 4150 enim
1386 4093 1494 4163 Tyriae
1583 4141 1586 4149 .

343 4189 598 4241 commemorantur
615 4185 686 4240 locis
711 4183 769 4238 hist
792 4183 814 4246 I,
825 4186 849 4247 7,
860 4187 902 4255 47,
921 4183 941 4246 I,
953 4186 976 4246 9,
988 4185 1029 4253 70,
1048 4184 1081 4246 Π,
1093 4185 1117 4244 3,
1129 4183 1169 4244 58,
1189 4182 1223 4244 Π,
1234 4183 1258 4242 4,
1269 4182 1310 4234 28.
1353 4181 1448 4249 Atque
1466 4179 1495 4234 in

345 4271 484 4340 omnihus,
512 4272 560 4342 qui
588 4270 888 4333 commemorabantur,
918 4271 989 4325 locis
1016 4271 1148 4326 versibus
1176 4269 1209 4330 Π,
1221 4269 1245 4328 3,
1256 4267 1289 4321 59
1314 4271 1343 4321 61
1366 4265 1414 4326 IV,
1424 4267 1449 4327 2,
1462 4267 1494 4318 16

346 4358 459 4413 omissis
485 4357 591 4426 legitur
616 4357 797 4427 adJectivum.
833 4358 865 4411 In
889 4357 960 4413 locis
979 4356 1014 4418 11,
1025 4359 1049 4418 8,
1060 4357 1093 4410 58
1112 4361 1141 4410 et
1158 4355 1205 4416 IV,
1220 4355 1289 4416 2,16
1308 4354 1423 4422 Tyrum,
1448 4368 1493 4405 ur-

345 4444 390 4499 bis
404 4459 514 4512 nomen,
530 4443 632 4499 habes.
658 4443 752 4514 Atque
770 4445 864 4514 Tyros
880 4448 910 4499 ot
923 4444 951 4497 in
966 4442 1011 4498 his
1028 4443 1099 4497 locis
1119 4447 1148 4496 61
1165 4441 1186 4503 Ι,
1197 4441 1221 4504 7,
1232 4443 1266 4496 20
1283 4440 1380 4494 ultimo
1391 4454 1494 4494 666666

346 4529 411 4585 1666
430 4530 581 4584 166661166.

448 4615 556 4684 Restat,
583 4619 614 4669 61
641 4619 882 4686 commemoretur,
906 4617 998 4671 locum
1022 4614 1070 4679 IV,
1081 4617 1106 4685 2,
1117 4616 1157 4677 19,
1168 4615 1202 4670 20
1226 4612 1407 4670 similitudine
1433 4627 1495 4668 cum

347 4701 416 4762 11,4,
427 4701 461 4754 27
480 4701 658 4769 conjunctum
676 4715 749 4758 6666.
1177 4724 1180 4732 =
