3320 5158
777 203 980 304 L

245 431 328 493 quae
357 417 541 495 sequuntur,
577 411 684 478 multis
721 412 817 480 rebus
846 411 962 479 librum
992 411 1127 494 primum
1152 410 1194 476 ab
1224 403 1329 476 altero
1356 411 1517 494 recedere,

243 514 460 600 probabimus.
498 516 558 598 lta,
579 521 613 582 ut
635 516 781 600 exemplo
802 521 884 598 utar,
906 515 940 582 in
961 514 1044 580 libro
1066 515 1081 578 l
1103 514 1280 586 hexametri
1300 514 1425 582 initium
1447 535 1519 582 con-

243 625 310 685 stat
339 639 379 684 ex
405 617 532 686 duobus
562 618 713 701 spondeis
743 618 777 685 in
805 624 919 686 octavo
943 637 1068 700 quoque
1091 637 1195 702 versu,
1224 617 1259 684 in
1284 619 1386 687 altero
1408 624 1520 686 eontra

243 722 278 790 in
300 741 394 788 versu
416 721 672 790 duodevicesimo
697 743 832 805 quoque.
877 723 920 788 Et
947 722 1075 805 singula
1104 722 1246 790 eiusdem
1275 722 1352 796 libri
1378 722 1521 790 earmina

243 827 328 892 inter
350 847 385 892 se
408 826 469 892 hac
490 827 542 892 vel
564 827 621 892 illa
641 848 676 894 re
695 827 888 910 discrepant.
924 827 1015 904 Quae
1035 845 1225 908 quamquam
1244 825 1292 892 ita
1308 832 1393 910 sunt,
1412 832 1522 894 tamen

243 951 337 998 nemo
361 951 382 996 a
402 930 530 996 Tibullo
553 931 697 1014 profecta
719 951 790 998 csse
813 930 887 996 libri
909 931 1041 996 alterius
1064 929 1206 996 carmina
1226 929 1367 1013 negavit.

374 1034 448 1100 Jam
476 1033 518 1100 de
546 1034 723 1100 hexametri
752 1039 911 1100 structura
939 1034 1108 1102 dicendum
1137 1039 1196 1100 est.
1251 1035 1358 1116 Atque
1386 1034 1522 1100 formula

245 1139 312 1221 illa,
350 1158 413 1219 qua
443 1136 619 1204 hexametri
648 1137 773 1204 initium
802 1143 928 1206 constat
957 1158 996 1204 ex
1022 1137 1151 1222 dactylo
1180 1137 1397 1220 subsequente
1427 1157 1520 1221 spon-

245 1243 307 1308 deo
330 1242 416 1308 etin
438 1240 527 1306 libris
549 1242 575 1325 I,
594 1242 624 1304 ll
639 1246 671 1308 et
692 1242 724 1306 in
743 1243 787 1307 IV
809 1248 859 1308 est
881 1240 1102 1325 usitatissima,
1124 1241 1172 1308 ita
1192 1247 1228 1306 ut
1249 1241 1362 1307 tertius
1386 1241 1520 1324 quisque

246 1347 432 1414 hexameter
454 1351 485 1410 et
501 1345 553 1412 hic
571 1352 604 1411 et
625 1345 691 1414 illic
709 1347 866 1429 praebeat
885 1346 967 1412 hanc
985 1345 1128 1412 formam.
1163 1344 1290 1411 Deinde
1305 1345 1385 1412 duos
1402 1346 1520 1429 primos

247 1449 346 1534 pedes
368 1448 601 1533 holodaetyliee
624 1450 760 1516 formare
783 1469 886 1532 aeque
908 1451 1025 1533 politae
1047 1449 1081 1514 in
1102 1447 1226 1516 deliciis
1249 1454 1299 1515 est
1321 1450 1355 1515 in
1377 1449 1522 1516 carmini-

246 1555 315 1636 bus,
344 1573 426 1635 quae
457 1553 595 1620 omnium
621 1573 778 1620 consensu
804 1553 931 1620 Tibullo
960 1552 1142 1618 tribuuntur
1170 1558 1268 1635 atque
1297 1553 1331 1618 in
1360 1552 1441 1620 libro
1467 1553 1520 1618 lV.

248 1657 386 1735 Quartus
420 1658 505 1724 enim
541 1657 675 1739 quisque
709 1657 894 1723 hexameter
927 1656 1070 1738 sequitur
1102 1655 1185 1723 hanc
1216 1675 1368 1722 normam.
1414 1657 1521 1739 Atque

246 1762 422 1830 hexametri
455 1761 581 1836 initium
611 1761 735 1827 duobus
769 1760 922 1845 spondeis
951 1760 1086 1828 efficitur
1114 1759 1148 1828 11
1177 1759 1259 1826 libro
1281 1759 1383 1845 primo
1406 1766 1520 1828 octavo

249 1886 374 1948 quoque
403 1885 507 1949 versu,
530 1865 564 1931 in
586 1864 698 1950 elegiis
728 1865 801 1930 libri
824 1865 869 1930 lV
898 1885 982 1932 1010
1016 1883 1141 1946 quoquc
1165 1883 1269 1932 versu.
1319 1864 1358 1931 ln
1387 1863 1468 1930 libro
1490 1864 1520 1928 ΙΙ

247 1977 356 2036 contra
375 1969 649 2038 duodevicesimus
667 1969 802 2052 quisque
821 1967 1005 2036 hexameter
1024 1968 1084 2034 hoc
1103 1988 1229 2036 versum
1244 1966 1401 2034 formandi
1419 1987 1522 2052 genus

247 2075 390 2158 praebet.
427 2073 478 2140 Ad
496 2073 662 2140 formulam
684 2111 903 2132 ------
924 2072 958 2140 in
980 2072 1063 2138 libro
1084 2073 1098 2138 1
1119 2071 1203 2140 inter
1218 2077 1289 2139 octo
1308 2072 1522 2154 hexametros,

246 2177 280 2246 in
301 2179 402 2248 altero
425 2178 509 2244 inter
530 2198 588 2246 sex
610 2177 661 2246 vel
684 2183 808 2260 septem
830 2178 872 2264 (si
894 2177 1006 2244 altera·
1019 2175 1093 2242 libri
1115 2175 1247 2242 alterius
1270 2174 1377 2259 elegia
1395 2174 1438 2242 ad
1457 2195 1524 2242 ear-

246 2281 333 2348 mina
354 2281 428 2347 libri
450 2282 479 2345 11
502 2281 649 2368 aceedit),
672 2280 706 2346 in
727 2287 841 2363 quarto
864 2280 948 2348 inter
970 2286 1121 2363 quattuor
1142 2280 1195 2347 vel
1224 2279 1364 2362 quinque
1393 2278 1435 2366 (si
1456 2299 1523 2346 ear·

245 2385 382 2452 minibus
405 2384 566 2468 Sulpiciae
589 2405 729 2452 amorem
751 2383 940 2453 canentibus
962 2383 1036 2452 libri
1057 2383 1087 2449 ll
1110 2383 1248 2469 elegiam
1267 2383 1296 2448 ll
1315 2382 1521 2470 adnumeras)

249 2486 365 2570 singuli
387 2494 460 2553 sunt
483 2488 618 2556 formati.

377 2593 489 2674 ltaque
512 2613 607 2674 quum
628 2599 756 2662 tantum·
774 2592 869 2676 absit,
892 2598 927 2658 ut
950 2592 1125 2660 hexametri
1155 2589 1337 2676 incipientis
1366 2594 1524 2658 structura

246 2692 280 2762 in
308 2695 404 2762 rebus
434 2696 507 2780 illis,
538 2716 621 2777 quae
650 2703 724 2764 sunt
753 2697 909 2781 gravioris
939 2696 1100 2780 momenti,
1129 2695 1203 2760 libri
1229 2695 1244 2760 1
1266 2699 1300 2760 et
1321 2693 1351 2757 Il
1372 2693 1525 2762 recedant

249 2804 415 2876 equanto,
446 2803 480 2860 ut
502 2799 621 2879 optime
643 2805 828 2885 congruant,
855 2819 927 2870 mea
957 2799 1085 2883 quidem
1114 2797 1277 2866 sententia
1306 2818 1371 2865 non
1392 2796 1524 2880 habent,

250 2916 304 2964 cur
332 2897 448 2962 librum
469 2900 522 2983 lV,
554 2901 629 2984 quia
657 2901 690 2968 in
719 2905 854 2972 formula
875 2940 1097 2960 -------
1119 2924 1140 2968 a
1161 2901 1252 2968 libris
1275 2903 1291 2966 I
1312 2908 1345 2968 et
1371 2901 1401 2966 Π
1428 2900 1525 2985 paulo

247 3001 386 3085 recedat,
417 3023 437 3068 a
466 3003 592 3072 Tibullo
627 3007 781 3093 seriptum
814 3029 885 3076 esse
919 3013 1047 3093 negent.
1107 3007 1199 3086 Quae
1232 3005 1261 3072 si
1293 3025 1372 3074 vera
1405 3009 1524 3086 essent,

246 3121 367 3172 summo
388 3106 456 3174 iure
479 3108 647 3194 diceretur,
670 3113 785 3179 librum
807 3113 942 3178 alterum
964 3132 985 3178 a
1006 3112 1134 3177 Tibullo
1157 3131 1221 3176 non
1244 3110 1421 3193 profectum
1441 3127 1525 3191 esse,

248 3225 343 3286 quum
365 3209 532 3276 formulam
552 3249 734 3262 -----
754 3214 788 3276 in
810 3214 893 3277 libro
915 3215 1017 3296 primo
1040 3220 1172 3280 octavus
1196 3213 1341 3296 quisque,
1367 3212 1402 3278 in
1423 3213 1526 3278 altero

246 3308 521 3376 duodevicesimus
553 3312 687 3392 quisque
717 3313 902 3379 hexameter
931 3319 1094 3395 sequatur.
1149 3315 1277 3381 Dixerit
1306 3316 1434 3400 aliquis,
1465 3314 1526 3382 hoc

245 3411 327 3479 falso
350 3435 371 3478 a
392 3433 443 3479 mc
463 3413 580 3482 afferri.
629 3414 746 3482 Versus
769 3415 854 3482 enim
876 3417 1000 3484 duobus
1023 3417 1176 3501 spondeis
1203 3417 1394 3502 incipientes
1425 3420 1525 3486 multo

245 3516 383 3584 rariores
417 3537 488 3584 csse
521 3517 555 3584 in
587 3517 669 3584 libro
698 3519 811 3602 altero,
842 3521 928 3603 quod
955 3527 1058 3588 artem
1088 3521 1245 3590 formandi
1275 3544 1398 3607 versus,
1430 3543 1526 3605 quum

246 3619 386 3686 carmina
407 3620 481 3688 libri
501 3622 531 3688 Il
554 3623 776 3707 composuerit,
798 3624 863 3690 iam
885 3626 1063 3694 ademarius
1086 3625 1234 3696 didicerit
1255 3629 1363 3712 poeta.
1406 3628 1526 3694 Contra

246 3725 428 3792 aliterrem
450 3746 522 3794 sese
545 3727 665 3792 hahere
687 3726 720 3792 in
742 3729 877 3796 formula
899 3767 1128 3796 -------
1172 3731 1258 3799 Nam
1287 3751 1358 3798 cum
1379 3731 1413 3796 in
1442 3730 1525 3796 libro

248 3828 290 3891 lV
313 3828 393 3895 haec
414 3830 549 3896 formula
570 3830 700 3915 saepius
723 3832 904 3900 inveniatur
927 3852 1021 3916 quam
1046 3834 1191 3902 inlibris
1215 3837 1230 3901 l
1253 3841 1285 3902 et
1307 3836 1347 3919 ll,
1370 3834 1440 3900 fieri
1461 3854 1527 3900 non

246 3951 351 4014 posse,
375 3938 408 3996 ut
431 3934 472 3998 ab
496 3935 608 4001 eodem
628 3936 725 4020 poeta
743 3937 885 4004 carmina
903 3936 960 4004 illa
976 3937 1099 4030 scripta
1118 3938 1192 4022 sint,
1213 3938 1267 4021 qui
1286 3938 1410 4022 elegias
1430 3937 1525 4004 libro·

246 4055 315 4100 rum
336 4035 350 4100 1
374 4041 406 4101 et
429 4036 459 4099 ll
481 4039 702 4122 composuerit.
737 4041 868 4108 Poetam
892 4041 976 4108 enim
1000 4041 1087 4108 haud
1108 4043 1155 4110 ita
1178 4043 1257 4109 artis
1279 4041 1437 4109 formandi
1458 4061 1527 4108 ver-

245 4158 299 4206 sus
321 4139 459 4222 peritum
480 4142 621 4208 carmina
643 4143 699 4210 illa
721 4145 949 4228 composuisse.
994 4146 1088 4223 Quod
1110 4152 1145 4210 nt
1168 4146 1362 4229 refellamus,
1385 4145 1450 4210 iam
1472 4144 1525 4210 de-

245 4243 484 4310 monstrandum
507 4251 565 4328 est,
588 4247 765 4330 spondeum
785 4249 886 4333 primo
909 4269 1020 4318 versus
1037 4251 1107 4317 loco
1127 4250 1160 4316 in
1180 4247 1372 4317 carminibus
1395 4247 1469 4314 libri
1482 4249 1526 4314 lV

175 4379 182 4388 ·
244 4349 373 4429 poetam
393 4349 537 4414 consulto
559 4350 715 4434 posuisse.
738 4392 780 4400 -
802 4353 908 4436 Atque
928 4353 986 4437 vis,
1011 4374 1105 4437 quam
1124 4353 1222 4421 habet
1241 4353 1275 4417 in
1299 4350 1523 4418 enuntiatione

246 4471 420 4534 pronomen
431 4452 538 4537 ,111111ι
554 4454 605 4539 lV,
614 4456 644 4538 2,
655 4457 684 4539 7,
693 4457 836 4539 spondeo
845 4457 1024 4541 insignitur.
1049 4457 1173 4524 Deinde
1183 4456 1402 4542 podtamhuno
1410 4456 1525 4541 pedem

247 4554 357 4623 dedita
382 4577 482 4640 opera
508 4557 707 4640 quaesivisse
725 4561 780 4644 IV,
797 4562 828 4644 2,
844 4563 892 4646 11,
915 4560 1087 4646 intelliges,
1111 4561 1140 4627 si
1163 4565 1397 4645 pentametrum
1420 4563 1525 4648 proxi·

247 4679 340 4747 mum,
360 4659 415 4744 qui
429 4661 471 4726 ab
491 4661 604 4729 eodem
615 4664 771 4732 vocabulo
789 4663 871 4750 ,urit‘
887 4664 974 4750 capit
989 4664 1124 4751 isitium,
1139 4665 1266 4751 legeris.
1301 4665 1525 4752 optimeenim
