3320 5158
874 234 914 304 41

260 443 336 512 inde
358 443 400 512 ab
423 449 537 512 octavo
559 462 660 528 usque
682 443 725 510 ad
747 442 967 512 duodecimum
987 445 1157 514 dicendum
1183 451 1242 513 est.
1289 447 1379 525 Quae
1409 446 1451 513 ab
1475 448 1536 515 ele·
1651 515 1652 524 ,

262 548 323 633 giis
346 549 419 634 illis,
433 549 474 616 de
490 549 604 633 quibus
626 548 660 615 in
675 548 833 633 prioribus
857 549 1003 635 diximus,
1026 551 1207 636 separanda
1229 571 1302 618 csse
1323 550 1389 617 iam
1409 551 1537 618 demon-

261 654 441 722 stravimus.
492 657 599 738 Atque
630 654 711 720 haec
744 655 885 720 carmina
914 675 931 719 e
961 654 1122 722 sententia
1157 655 1289 740 Gruppe
1321 655 1440 721 Tibulli
1473 678 1537 722 non
1651 651 1652 658 '

262 763 347 841 sunt,
369 759 427 825 sed
449 780 470 825 a
491 758 642 843 Sulpicia,
665 759 774 842 puella
797 757 991 842 doctissima,
1015 758 1153 840 quaein
1176 759 1282 842 elegia
1301 759 1425 826 decima
1439 761 1537 826 filiam
1612 832 1624 844 ,

263 861 355 930 Servi
388 862 509 948 Sulpici
538 883 574 928 se
604 883 676 928 θεεθ
705 861 880 946 praedicat,
911 866 985 928 sunt
1014 863 1167 945 profecta.
1212 863 1326 946 Neque
1356 863 1441 929 eninr
1469 865 1538 930 deri

264 986 377 1050 posse,
411 973 446 1031 ut
476 987 516 1032 ea
545 966 725 1050 fragmenta
755 965 929 1049 elegiarum
959 965 1211 1032 Tibullianarum
1243 987 1315 1032 esse
1344 973 1437 1052 putes
1467 988 1537 1034 cum

180 1125 182 1130 ,
263 1076 395 1154 propter
416 1068 497 1137 alias
520 1091 571 1136 res
587 1077 653 1135 turn
669 1076 800 1154 propter
814 1089 1001 1136 sermonem.
1048 1069 1248 1153 Quamquam
1263 1071 1305 1137 ab
1321 1077 1391 1137 arte
1406 1072 1538 1140 metrica

265 1173 384 1240 Tibulli
413 1196 477 1240 non
508 1174 731 1258 abhorreant,¹
749 1179 856 1240 tamen
886 1193 925 1238 ea
955 1195 975 1238 a
1001 1174 1097 1257 polita
1127 1179 1196 1239 arte
1227 1173 1345 1257 insigni
1373 1196 1437 1240 non
1466 1195 1538 1243 esse

264 1277 395 1362 scripta.
440 1279 623 1344 Sermonem
647 1277 731 1344 enim
753 1276 866 1342 durum
888 1283 920 1342 et
942 1276 1129 1361 impeditum
1152 1297 1232 1342 esse.
1277 1277 1413 1362 Saepius
1429 1279 1539 1346 inania

265 1381 374 1464 verba,
398 1381 511 1464 quihus
541 1381 651 1465 pedes
672 1380 810 1463 quodam
842 1380 936 1446 modo
966 1381 1193 1465 compleantur,
1224 1381 1298 1464 legi.
1343 1382 1437 1448 Haud
1465 1403 1537 1449 raro

264 1487 432 1552 verborum
454 1485 721 1552 constructionem
743 1505 814 1550 esse
836 1485 999 1568 incertam,
1021 1484 1121 1550 veluti
1142 1485 1176 1549 in
1199 1485 1305 1568 elegia
1326 1485 1460 1570 decima,
1483 1487 1537 1552 ubi

193 1583 198 1592 ’
264 1589 363 1658 verba
385 1589 439 1656 vix
461 1591 586 1673 possint
609 1590 763 1673 construi,
788 1608 978 1672 quamquam
1000 1588 1041 1654 de
1067 1608 1163 1654 sensu
1191 1587 1419 1654 enuntiationis
1449 1590 1538 1654 dubi-

263 1693 326 1759 tari
347 1701 497 1776 nequeat.
535 1693 738 1778 Quapropter
760 1715 781 1759 a
802 1693 920 1778 puella,
942 1712 1007 1758 non
1028 1713 1048 1758 a
1070 1691 1139 1760 viro
1162 1692 1303 1776 elegidia
1324 1692 1398 1758 libri
1416 1695 1459 1758 lV
1482 1693 1539 1761 illa

265 1796 387 1880 scripta
409 1817 491 1864 esse.

393 1900 458 1966 Sed
495 1921 686 1983 quamquam
723 1902 828 1967 altera
861 1901 973 1966 harum
1006 1900 1180 1983 elegiarum
1212 1901 1312 1967 series
1346 1922 1366 1966 a
1399 1901 1537 1985 Tibullo,

265 2004 369 2070 altera
391 2025 411 2070 a
433 2005 575 2088 Sulpicia
595 2005 716 2089 scripta
743 2010 802 2088 θεῖ,
832 2011 939 2070 tamen
968 2003 1094 2068 ratione
1123 2002 1262 2085 quadam
1290 2004 1374 2070 iuter
1402 2025 1438 2070 εθ
1467 2027 1538 2073 con-

221 2127 223 2130 ·
260 2109 393 2190 junctae
415 2113 500 2174 sunt.
544 2110 628 2174 Nam
649 2109 838 2191 inutraque
861 2109 901 2174 de
924 2127 987 2172 uno
1010 2106 1186 2189 eodemque
1210 2107 1350 2173 Cerinthi
1365 2108 1538 2193 Sulpiciae-

267 2231 458 2292 queamore
481 2211 599 2297 agitur,
622 2213 812 2295 inutraque
838 2212 907 2277 dies
935 2211 1054 2278 natalis
1078 2210 1228 2294 Corinthi,
1255 2212 1383 2277 morbus
1409 2214 1537 2295 puellae

265 2322 559 2401 commemorantur,
589 2337 630 2383 ne
658 2318 772 2400 longus
803 2316 874 2399 sim,
904 2316 971 2380 fere
1001 2313 1117 2398 omnia,
1149 2334 1232 2397 quae
1261 2313 1295 2380 in
1324 2335 1359 2381 re
1381 2317 1538 2384 amatoria

267 2419 407 2486 (lerinthi
449 2421 674 2505 Sulpiciaeque
715 2421 748 2486 in
782 2420 975 2488 carminibus
1008 2421 1091 2486 2-7
1127 2418 1274 2503 exposita
1306 2420 1414 2504 magni
1447 2429 1539 2487 erant

265 2517 425 2608 momenti,
447 2525 481 2590 in
504 2525 649 2610 epistolis
672 2545 798 2608 quoque
821 2523 985 2590 amatoriis
1007 2523 1124 2606 insunt,
1149 2542 1227 2605 quas
1244 2523 1371 2607 scripsit
1385 2523 1537 2608 Sulpicia.

270 2627 361 2704 Quae
394 2648 464 2696 cum
501 2629 549 2695 ita
582 2629 663 2714 sint,
701 2629 847 2694 Tibullus
888 2628 921 2693 in
957 2626 1101 2694 canendo
1132 2626 1274 2692 Cerinthi
1314 2626 1539 2712 Sulpiciaeque

266 2750 374 2798 amore
397 2734 551 2816 epistolas
578 2732 739 2817 Sulpiciae
767 2739 893 2798 secutus
924 2751 995 2798 esse
1019 2731 1150 2814 Gruppe
1179 2730 1315 2796 videtur.
1359 2732 1453 2809 Quod
1474 2755 1538 2799 non

267 2854 339 2900 esse
371 2835 493 2900 mirum.
537 2836 646 2902 Facile
676 2835 760 2901 enirn
789 2835 858 2900 fieri
887 2834 1048 2919 potuisse,
1078 2840 1113 2898 ut
1142 2834 1269 2901 Tibullo
1300 2836 1442 2902 Cerinthi
1471 2836 1539 2903 Sul-

158 2940 161 2946 '
267 2938 436 3021 piciaeque
464 2955 605 3006 amorem
635 2938 828 3006 carminibus
859 2939 1120 3034 concelebraturo
1148 2937 1305 3024 epistolae
1335 2940 1539 3025 Sulpiciaea
1650 2967 1652 2975 ⁴

268 3041 418 3108 Cerintho
441 3043 543 3110 amieo
566 3043 727 3110 darentur.
1534 3097 1536 3102 ,

393 3147 482 3214 Haec
503 3148 570 3214 fere
593 3133 675 3232 sunt,
699 3168 782 3230 quae
798 3150 929 3233 Gruppe
952 3149 993 3214 de
1009 3150 1111 3216 altera
1126 3149 1238 3215 horum
1252 3149 1424 3214 carminum
1446 3158 1538 3232 parte

267 3249 409 3334 protulit.
455 3251 551 3317 Cuius
573 3252 765 3318 seutentiam
787 3252 932 3337 plerique
954 3260 1064 3318 nostra
1086 3258 1194 3320 aetate
1221 3252 1321 3319 secuti
1343 3259 1426 3319 sunt.
1472 3254 1538 3318 lam

267 3355 344 3419 mihi
373 3353 543 3421 dicendum
573 3361 635 3441 est,
666 3355 743 3438 quid
772 3356 812 3422 de
842 3356 1003 3422 sententia
1032 3357 1163 3440 Gruppe
1188 3354 1337 3422 sentiam.
1381 3357 1538 3440 Equidem

268 3459 383 3526 adduci
414 3481 478 3526 non
506 3479 646 3544 possum,
676 3465 711 3523 ut
741 3459 877 3544 credam,
907 3460 988 3526 haec
1017 3459 1157 3544 elegidia
1187 3480 1259 3526 esse
1288 3460 1442 3544 epistolas
1471 3461 1539 3527 Sul·
1588 3526 1591 3535 ,

268 3564 382 3647 piciae.
427 3563 512 3630 Sane
534 3563 671 3653 cogitari
692 3568 809 3647 potest,
832 3563 972 3648 puellam
993 3563 1260 3648 pulchritudinem
1282 3565 1381 3631 amati
1400 3564 1538 3631 carmine

268 3668 491 3734 concelebrare
519 3673 551 3733 ct
580 3667 729 3732 laudibus
760 3669 882 3749 efferre,
913 3668 971 3733 sed
1000 3667 1069 3734 ficri
1108 3688 1204 3752 posse
1233 3688 1325 3753 nego,
1354 3673 1389 3733 ut
1418 3669 1537 3753 puella,

269 3790 351 3852 quae
372 3771 528 3854 perfidum
555 3791 626 3837 esse
656 3777 796 3836 amatum
825 3771 976 3855 opinatur
1004 3771 1185 3855 amorisque
1214 3772 1349 3839 stimulis
1378 3772 1538 3859 incitatur,

268 3879 375 3940 amato
411 3875 579 3959 perfidiam
616 3875 788 3958 exprobret
824 3875 972 3942 carmine.
1029 3875 1154 3942 Deinde
1196 3877 1268 3960 vix,
1288 3875 1441 3943 credibile
1478 3883 1538 3962 θεῖ,

267 3979 417 4062 puellam,
442 3998 523 4060 quae
538 3980 687 4063 laetatur,
711 3979 795 4060 quod
816 3979 850 4044 in
869 3980 947 4046 urbe
968 4000 1133 4048 remanere
1155 3978 1218 4046 sihi
1239 3979 1451 4064 permittatur,
1473 4000 1540 4046 oar-

267 4082 353 4149 mine
375 4087 515 4149 amatum
537 4082 578 4148 dc
600 4083 661 4149 hae
687 4104 722 4149 rc
751 4083 918 4150 certiorem
947 4105 1019 4151 θεεθ
1048 4085 1212 4152 facturam.
1256 4085 1394 4150 Tantum
1422 4084 1539 4152 abesse

267 4186 345 4252 mihi
366 4185 502 4271 ridetur,
525 4193 560 4253 ut
582 4189 726 4254 nuntium
747 4188 836 4254 illum
857 4188 1003 4270 versibus
1025 4187 1177 4270 includat,
1200 4193 1236 4252 ut
1258 4205 1353 4268 quam
1375 4186 1538 4254 celerrime

262 4275 409 4358 ¹auratum
430 4290 574 4358 edoceat.
618 4293 777 4376 Sequitur,
800 4297 835 4358 ut
857 4310 1144 4376 commemoremus,
1175 4312 1239 4357 non
1261 4311 1333 4358 esse
1355 4290 1538 4374 verisimile,

267 4395 407 4479 puellam
445 4415 484 4461 ex
520 4397 602 4463 febri
630 4398 830 4464 laborantem
858 4402 1005 4481 prompto
1035 4396 1078 4462 ad
1107 4396 1221 4480 poema
1253 4394 1432 4462 faciendum
1467 4415 1539 4462 esse

269 4501 385 4567 animo.
429 4501 538 4566 Nihilo
561 4503 663 4585 magis
686 4501 838 4568 credibile
861 4507 920 4584 est,
942 4501 1091 4585 puellam,
1116 4517 1198 4582 quae
1221 4504 1327 4566 amato
1350 4519 1386 4565 se
1408 4503 1540 4566 excusat

269 4605 428 4690 epistolio,
452 4603 537 4688 quod
560 4626 632 4671 eum
653 4606 756 4673 solum
777 4605 929 4671 hesterna
949 4610 1043 4671 nocte
1065 4601 1239 4688 reliquerit,
1262 4623 1372 4671 versus
1389 4623 1461 4670 esse
1475 4602 1539 4670 lac

269 4715 381 4779 turam.
426 4711 477 4778 Ne
499 4710 612 4796 longus
636 4710 705 4796 sim,
729 4710 809 4778 haec
832 4707 973 4778 carmina
994 4707 1151 4794 epistolae
1180 4706 1356 4775 amatoriae
1378 4704 1540 4792 Sulpiciae
