3320 5158
816 196 858 262 24

732 287 935 298 —-—-——

544 403 565 466 l,
575 405 600 465 2,
610 406 634 468 6,
646 405 673 459 l:
693 405 859 481 ,ulauuimr
876 412 907 464 et
924 409 996 465 dura
1012 409 1098 465 ianua
1114 407 1195 464 firma
1213 423 1286 465 sera.

374 489 467 544 Janua
484 489 609 546 difficilis
628 489 783 548 1101111111111.α

546 577 567 639 Ι,
578 577 603 640 3,
620 580 646 640 4,
657 579 685 632 5:
704 580 868 656 „abstineas
887 583 996 646 avidas,
1017 583 1092 638 llors
1110 598 1215 654 precor
1232 586 1303 645 atra,
1322 598 1428 641 manus.

371 663 535 728 Abstineas,
555 681 630 720 mors
649 670 720 729 atra,
740 663 870 737 precor.“
950 665 952 671 ’

331 749 483 816 Similiter
504 750 657 820 transitus
680 753 715 820 fit
737 755 763 839 1,
777 758 806 839 1,
819 759 871 840 23,
896 757 919 839 l,
931 757 962 839 4,
974 757 1026 838 54,
1038 757 1089 821 55.
1205 765 1208 774 “

632 1105 1038 1114 ——-—-—-————

201 1368 249 1463 J
250 1406 302 1451 am
325 1387 540 1468 quaerendum
562 1394 621 1473 est,
652 1389 824 1455 easdemne
845 1391 935 1474 leges
957 1391 991 1455 in
1013 1410 1049 1455 re
1070 1389 1204 1456 metrica
1225 1391 1323 1474 potita
1345 1390 1378 1456 in
1400 1389 1474 1454 libri

201 1490 306 1574 quarti
328 1490 440 1574 elegiis
458 1498 611 1574 sequatur
629 1499 727 1575 atque
745 1493 778 1558 in
797 1493 887 1559 libris
906 1494 1008 1577 primo
1024 1499 1057 1560 et
1071 1494 1183 1560 altero.
1218 1494 1324 1576 Atque
1339 1493 1475 1578 primum

200 1595 328 1678 quidem
350 1595 513 1677 elegantia
535 1601 568 1661 et
589 1596 767 1681 diligentia,
791 1597 906 1679 quibus
928 1598 1074 1663 Tibullus
1097 1597 1130 1663 in
1152 1597 1293 1664 caesuris
1315 1595 1473 1682 ponendis

201 1705 252 1765 est
274 1718 360 1783 usus,
383 1698 417 1763 in
439 1699 587 1782 elegidiis
610 1700 684 1765 libri
699 1701 744 1765 lV
767 1701 900 1767 eaedem
927 1703 1040 1789 suntl)
1075 1701 1169 1779 Quod
1191 1721 1229 1768 ec
1252 1701 1354 1766 minus
1376 1700 1476 1783 negli-

200 1801 338 1888 gendum
361 1823 432 1870 esse
455 1802 590 1888 videtur,
619 1824 681 1887 quo
703 1804 805 1870 maior
833 1805 995 1889 Lygdami
1017 1804 1131 1872 bacin
1154 1826 1188 1871 re
1219 1812 1269 1871 est
1298 1804 1475 1889 infirmitas,

202 1907 256 1989 qui
279 1911 428 1989 quattuor
443 1907 588 1974 versibus
612 1909 755 1992 exceptis
777 1909 867 1974 nulla
888 1909 951 1974 nisi
973 1908 1203 1992 semiquinaria
1217 1909 1317 1974 utitur
1332 1928 1475 1975 caesura.

200 2012 306 2092 Atque
328 2010 362 2076 in
384 2011 575 2078 carminibus
601 2011 666 2077 illis
688 2011 804 2078 Deliae
834 2033 975 2079 amorem
1004 2012 1204 2097 canentibus,
1235 2033 1318 2096 quae
1347 2012 1473 2096 inipso

201 2114 374 2182 etaetatis
401 2106 562 2200 etpoiisis
584 2115 662 2182 flore
685 2116 871 2201 composuit,
902 2115 1199 2201 hephthemimeren
1219 2117 1253 2182 in
1283 2116 1380 2183 tertia
1408 2117 1475 2184 fere

201 2218 340 2284 omnium
362 2239 510 2286 versuum
533 2221 786 2287 hexametrorum
807 2226 901 2304 parte
923 2219 1100 2305 usurpavit.
1133 2220 1223 2286 Idem
1238 2221 1305 2287 fere
1327 2241 1475 2288 numerus

199 2323 456 2389 hexametrorum
476 2324 743 2408 semiseptenaria
763 2324 797 2391 in
827 2324 959 2391 alterius
989 2324 1064 2389 libri
1093 2323 1286 2391 carminibus
1316 2325 1475 2392 inciditur.

200 2428 285 2493 Nam
311 2446 502 2510 quamquam
533 2428 674 2494 carmina
695 2430 716 2496 3
738 2434 770 2493 et
792 2431 814 2493 5
834 2429 931 2512 paulo
961 2427 1116 2495 minorem
1143 2427 1301 2514 praebent
1329 2429 1476 2498 hexame-

201 2538 321 2597 trorum
346 2551 519 2616 numerum,
552 2530 586 2597 in
617 2530 731 2616 quibus
755 2553 888 2599 caesura
917 2533 1183 2619 ‘semiseptenaria
1213 2538 1272 2618 est,
1306 2541 1414 2600 tamen
1444 2535 1478 2600 in

202 2635 314 2719 elegiis
339 2638 368 2719 1,
380 2621 411 2720 4',
423 2637 457 2720 6,
478 2655 560 2720 quae
583 2657 622 2702 ex
645 2637 839 2704 hexametris
863 2640 924 2705 102
947 2644 1104 2721 constant,
1126 2639 1167 2704 31
1191 2636 1393 2700 hexametros
1415 2636 1476 2699 hoc

200 2738 294 2806 modo
316 2739 465 2808 formavit
486 2742 592 2825 putta.
627 2740 823 2818 Quibuscum
845 2742 1038 2810 carminibus
1060 2742 1087 2808 si
1109 2735 1309 2822 comparabis
1331 2735 1405 2800 libri
1428 2735 1473 2801 lV

201 2843 341 2927 elegidia
364 2845 457 2928 2-7,
482 2864 564 2927 quae
593 2845 677 2912 inter
704 2847 745 2912 62
768 2845 970 2912 hexametros
998 2844 1181 2914 lababant
1203 2838 1479 2926 hephthemimera

200 2945 328 3030 incisos,
360 2966 442 3029 quae
471 2947 645 3014 similitudo
675 2949 758 3013 inter
780 2949 861 3016 baec
890 2949 1030 3015 carmina
1060 2955 1158 3029 atque
1189 2967 1238 3029 ea,
1268 2963 1352 3026 quae
1381 2941 1476 3007 modo

201 3052 478 3134 enumerabantur,
500 3050 688 3135 intercedat,
711 3050 812 3119 vides.
857 3054 963 3134 Atque
985 3050 1066 3115 haec
1094 3047 1269 3114 similitudo
1298 3045 1401 3110 maior
1430 3043 1475 3127 fit,

200 3155 228 3221 si
251 3175 320 3221 cum
343 3154 389 3221 eis
411 3155 484 3220 libri
507 3155 639 3221 alterius
661 3176 788 3224 carmen
810 3159 830 3223 2
852 3152 1027 3240 conjungis.
1072 3150 1166 3229 Quod
1188 3150 1217 3216 si
1238 3147 1364 3231 leceris,
1392 3146 1477 3213 inter

201 3259 401 3326 hexametros
425 3262 466 3328 73
488 3259 753 3344 semiseptenaria
775 3263 819 3327 20
848 3269 921 3328 sunt
948 3256 1051 3341 incisi,
1080 3256 1128 3321 ita
1156 3261 1192 3320 ut
1220 3254 1271 3320 his
1294 3271 1421 3338 quoque
1443 3249 1477 3317 iu

201 3363 314 3447 elegiis
344 3365 471 3431 tertiam
500 3365 568 3431 fere
596 3371 722 3450 partem
751 3365 1006 3430 hexametrorum
1034 3363 1154 3428 habere
1183 3355 1478 3444 hephthemimeren

199 3467 322 3536 videas.
365 3469 403 3534 In
432 3468 624 3536 carminibus
643 3491 667 3536 a
688 3469 816 3534 Tibullo
839 3467 1046 3537 adolescente
1073 3463 1258 3548 compositis
1280 3458 1478 3546 hephthemi-

201 3592 309 3639 meren
330 3574 428 3658 paulo
450 3574 552 3640 rarius
575 3576 731 3659 usurpari,
754 3576 864 3654 restat,
887 3576 922 3635 ut
945 3570 1079 3636 dicatur.

329 3680 435 3761 Atque
464 3678 524 3746 hac
553 3678 586 3743 in
614 3699 650 3744 re
677 3673 985 3746 commemorandum
1014 3691 1087 3738 esse
1113 3669 1250 3752 videtur,
1279 3666 1477 3750 hephthemi-

201 3802 268 3867 reu,
292 3803 374 3865 quae
397 3789 430 3849 et
452 3782 503 3850 hic
525 3787 557 3848 et
579 3781 644 3848 illic
666 3802 736 3849 cum
758 3778 988 3846 trithemimera
1009 3777 1077 3843 fere
1102 3770 1314 3858 conjungitm·,
1345 3791 1415 3838 cum
1444 3770 1478 3835 in

201 3886 292 3952 libris
309 3888 323 3951 l
339 3892 371 3952 et
386 3887 415 3951 ll
431 3893 497 3952 tum
512 3885 546 3952 in
565 3891 678 3969 quarto
701 3884 803 3952 rarius
822 3887 1023 3968 conjunctam
1039 3900 1108 3948 cum
1127 3875 1378 3964 penthemimere
1393 3894 1476 3940 esse.

329 3991 443 4073 Neque
474 3989 559 4074 quod
580 3990 677 4074 lV,6,
691 3992 732 4058 13
761 3987 1050 4073 hephthemimeres
1078 3984 1148 4050 sola
1177 3978 1280 4064 adest,
1310 4001 1330 4045 a
1358 3976 1478 4043 Tibulli

202 4102 272 4163 arte
294 4095 426 4162 metrica
442 4094 583 4162 alienum
604 4099 665 4177 est,
689 4113 784 4176 quum
805 4092 935 4177 saepius
956 4087 1247 4174 hephthemimeres
1265 4084 1335 4152 sola
1352 4084 1479 4166 legatur

201 4202 236 4268 in
258 4199 451 4268 carminibus
474 4200 628 4266 librorum
649 4198 665 4262 l
688 4206 722 4264 et
742 4198 812 4286 112)

292 4433 313 4500 ¹)
333 4430 369 4486 cf.
388 4429 490 4490 Krafft,
510 4429 528 4483 l.
550 4444 573 4483 c.
593 4443 620 4498 p.
641 4427 680 4479 ls.

288 4519 311 4586 ²)
331 4516 367 4573 el.
389 4515 525 4572 Eichuer:
556 4511 775 4580 Bemerkungeu
799 4509 871 4565 llbcr
901 4508 957 4562 deu
981 4504 1151 4561 metrischen
1181 4503 1238 4557 und
1268 4498 1480 4572 rhythmisehen

330 4605 400 4672 Bau,
419 4603 508 4658 sowie
525 4601 599 4655 uber
616 4599 671 4654 den
690 4596 843 4652 Gabraueh
865 4596 918 4650 der
938 4591 1176 4649 Homoeoteleuta
1198 4591 1227 4644 in
1251 4589 1307 4643 den
1331 4585 1481 4644 Distichen

331 4692 383 4748 des
402 4688 504 4751 Catull,
523 4685 629 4748 Tibull,
647 4685 773 4754 Propera
791 4684 848 4738 und
866 4682 960 4738 ovid.
996 4680 1110 4737 Gneseu
1129 4678 1204 4747 1875,
1224 4692 1252 4745 p.
1271 4677 1295 4731 9.
