3320 5158
756 181 959 278 —m—
1043 244 1045 250 .

224 389 273 457 las
294 389 378 476 illas,
399 387 662 474 ’611111611166611
683 391 799 478 166161)
822 389 855 455 in
881 389 1049 456 sententiis
1071 387 1255 474 repetendis
1281 389 1381 455 utitur
1402 390 1499 474 potita

224 495 257 560 in
286 493 376 560 libris
403 493 533 578 16111,
562 491 692 560 easdem
718 493 843 560 invenis
870 493 903 558 in
930 493 1131 579 carminibus,
1165 492 1207 560 de
1241 493 1356 580 quibus
1383 495 1498 578 agitur.

223 599 308 665 Nam
329 597 491 664 sententia
511 597 545 662 in
566 597 750 664 hexametro
778 586 885 682 posita
914 596 987 664 aliis
1016 597 1124 664 verbis
1154 596 1297 664 redditur
1325 598 1359 662 in
1388 604 1499 682 penta-

223 708 323 769 metro
346 701 395 768 his
417 701 509 768 loeis:

291 807 315 870 5,
334 807 358 868 3,
369 807 397 861 4:
417 801 460 862 Te
479 810 614 862 nascente
631 793 735 861 novum
753 807 862 862 Pareae
881 805 1009 862 eeeinere
1026 805 1130 876 puellis

287 923 289 927 ·
334 893 485 949 Servitium
503 897 532 948 et
548 893 688 966 dederunt
705 908 796 962 regna
814 893 939 962 superba
957 892 1018 948 tibi.
1039 939 1042 946 .

291 982 315 1045 5,
335 982 375 1044 15,
387 983 431 1037 16:
451 979 508 1035 Sed
525 980 621 1049 potius
639 980 738 1034 valida
756 984 903 1035 teneamur
919 983 1040 1050 uterque
1059 983 1167 1042 eatena,

332 1068 417 1123 Nulla
435 1069 522 1137 queat
538 1066 660 1136 posthae
677 1083 730 1122 nos
748 1066 872 1122 solvisse
890 1066 963 1122 dies.

131 1145 133 1150 ’
224 1156 331 1238 Atque
364 1152 508 1236 generali
538 1151 719 1219 sententiae
752 1150 919 1236 suinoitur
951 1149 1094 1218 eiusdem
1126 1151 1277 1236 specialis
1311 1153 1503 1220 enuntiatio:

291 1261 315 1322 3,
336 1260 376 1320 19,
387 1261 434 1313 20:
453 1257 533 1316 Nune
551 1258 611 1312 sine
630 1273 673 1314 me
692 1258 730 1314 611
746 1257 825 1312 nulla
841 1255 947 1324 Venus,
966 1256 1018 1312 sed
1035 1256 1101 1326 lege
1119 1256 1239 1327 Dianae,

333 1345 420 1401 (laste
438 1360 518 1414 puer,
537 1348 617 1399 66616
634 1344 710 1399 retia
727 1349 814 1413 tange
832 1357 923 1398 manu.

289 1435 314 1496 4,
333 1435 375 1494 17,
387 1432 433 1486 18:
452 1432 492 1484 At
509 1447 581 1486 nune
598 1435 662 1486 tota
680 1435 767 1494 tuest,
786 1433 815 1486 16
834 1429 925 1485 solum
943 1419 1070 1484 eandida
1082 1428 1179 1485 'seeum

333 1519 458 1588 Cogitat,
477 1522 507 1572 et
523 1517 631 1572 frustra
649 1519 766 1572 eredula
782 1517 868 1573 turba
886 1516 977 1571 sedet.

224 1605 294 1693 Quo
323 1605 357 1670 in
384 1605 464 1688 loeo,
496 1603 581 1685 quod
610 1603 697 1668 haud
726 1623 798 1669 raro
824 1601 984 1668 invenitur
997 1600 1097 1686 xapud
1125 1602 1296 1688 Tibullum,
1325 1602 1500 1690 membrum

222 1708 309 1791 prius
332 1709 366 1774 in
388 1708 467 1773 duas
489 1712 598 1792 partes
622 1705 758 1774 divisum
780 1707 890 1773 habes.
920 1745 962 1754 —
991 1704 1139 1788 Denique
1162 1706 1312 1790 speoialis
1339 1707 1500 1772 sententia

222 1813 399 1880 absolvitur
420 1810 564 1894 generali
586 1808 672 1876 idem
694 1811 824 1894 gravius
846 1815 1013 1894 repetente
1035 1811 1086 1877 his
1108 1811 1267 1878 versibus:

290 1919 314 1980 6,
336 1918 375 1978 11,
388 1917 433 1970 12:
451 1915 511 1970 Nee
528 1915 622 1984 possit
640 1915 758 1985 eupidos
777 1915 900 1984 vigilans
919 1915 1100 1986 deprendere
1119 1921 1225 1978 eustos,

333 2002 519 2072 Fallendique
538 2002 602 2057 vias
620 2002 696 2058 mille
714 2001 856 2058 ministret
873 2001 969 2057 Amor.
1077 2005 1083 2018 '

223 2089 288 2156 Sed
315 2089 427 2173 fateor,
461 2087 494 2152 in
520 2086 570 2152 his
594 2087 705 2172 elegiis
731 2087 940 2173 parallelismi
962 2087 1095 2154 formam
1116 2087 1210 2155 illam
1235 2087 1411 2173 infinitivis,
1446 2087 1500 2171 qui

224 2193 336 2259 eodem
364 2194 433 2258 loeo
461 2191 494 2256 in
515 2190 580 2272 fine
600 2191 764 2274 utriusque
790 2210 901 2259 versus
927 2191 1086 2276 leguntur,
1120 2198 1317 2276 exornatam,
1345 2212 1408 2274 qua
1429 2213 1501 2258 sen-

222 2297 340 2363 tentias
369 2297 488 2362 similes
512 2295 577 2361 iam
598 2316 676 2362 sono
707 2296 818 2362 efferre
840 2295 909 2361 vult
930 2296 1071 2384 1161162)
1094 2316 1145 2362 me
1167 2317 1231 2363 non
1253 2296 1414 2363 invenisse
1437 2295 1499 2362 nisi

223 2401 283 2466 hoo
303 2401 386 2467 looo:

290 2506 315 2568 3,
333 2507 358 2568 9,
369 2507 415 2560 10:
434 2505 544 2571 Quidve
562 2505 643 2560 iuvat
660 2504 756 2560 furtim
773 2504 902 2560 latebras
919 2508 1029 2563 latrare
1047 2504 1171 2560 terarum

333 2592 518 2663 Candidaque
537 2592 658 2647 hamatis
677 2593 981 2661 61116661666111116,

224 2697 414 2760 quamquam
436 2676 673 2745 eoncedendum
695 2684 753 2762 est,
776 2678 836 2746 hoo
857 2681 926 2746 looo
950 2680 990 2746 de
1011 2677 1229 2764 parallelismo
1251 2698 1327 2745 1616
1350 2677 1413 2744 diei
1435 2700 1499 2746 non

222 2802 327 2864 posse.
350 2821 392 2830 —
415 2781 485 2860 Quo
504 2783 550 2867 fit,
573 2788 607 2847 ut
629 2783 712 2848 inter
733 2801 770 2848 se
789 2783 907 2866 optime
930 2802 1113 2867 congruere,
1135 2782 1220 2865 quod
1242 2781 1357 2848 attinet
1379 2783 1422 2848 ad
1443 2804 1499 2868 pa-

222 2884 426 2950 rallelismum
447 2886 666 2969 membrorum,
694 2885 774 2952 haee
800 2885 940 2952 earmina
962 2885 1035 2950 libri
1059 2885 1102 2951 IV
1131 2891 1164 2952 et
1186 2886 1307 2970 elegias
1340 2885 1433 2969 primi
1455 2887 1499 2952 al-

222 2988 383 3071 teriusque
405 2990 581 3056 luculenter
603 2994 770 3073 appareat.

348 3093 421 3158 iam
442 3113 518 3159 vero
545 3091 732 3176 simplicitas
758 3089 916 3159 sermonis
936 3091 1120 3158 Tibulliana
1141 3092 1278 3159 maxime
1305 3113 1344 3160 eo
1367 3110 1498 3177 eognos-

222 3195 311 3280 eitur,
325 3197 409 3278 quod
425 3201 621 3280 ornamenta,
642 3195 756 3278 quibus
775 3195 951 3264 illustratur
970 3201 1067 3278 atque
1087 3201 1258 3262 exornatur
1277 3217 1390 3282 sermo,
1410 3200 1498 3265 velut

221 3301 349 3384 figuras,
373 3300 637 3384 eomputationes,
667 3300 735 3366 fere
758 3301 864 3367 omnia
892 3299 1014 3384 sprevit
1043 3299 1349 3384 simplicissimisque
1375 3308 1499 3368 tantum

184 3425 296 3470 ¹usus
320 3410 378 3470 est.
415 3404 486 3481 Qua
508 3404 541 3469 in
563 3424 598 3469 re
620 3403 699 3470 nihil
720 3403 853 3470 interest
876 3404 959 3470 111161
981 3404 1112 3489 elegias,
1136 3404 1176 3471 de
1200 3403 1314 3486 quibus
1330 3404 1445 3490 agitur,
1466 3413 1498 3471 et

222 3507 374 3575 librorum
395 3509 410 3572 I
434 3514 466 3573 61
488 3508 518 3571 Π
540 3508 690 3575 earmina.
726 3508 817 3585 Quae
837 3509 974 3574 maxime
998 3528 1038 3573 ex
1061 3507 1101 3574 iis
1123 3507 1298 3592 usurpavit,
1321 3527 1424 3591 aeque
1446 3509 1498 3576 hio

220 3618 318 3694 atque
340 3611 405 3678 illio
426 3611 639 3678 inveniuntur.
684 3611 799 3693 Neque
821 3610 906 3677 enim
932 3611 1017 3694 quod
1043 3612 1173 3696 saepius
1202 3611 1235 3676 in
1264 3610 1353 3678 libris
1377 3612 1391 3676 I
1413 3618 1445 3678 et
1467 3613 1497 3678 II

221 3714 423 3799 participium
448 3715 546 3781 verbo
574 3714 757 3800 adjunctum
783 3714 864 3798 legis
891 3715 974 3781 hune
999 3715 1032 3780 in
1054 3715 1195 3782 modum:
1221 3736 1284 3780 nox
1311 3715 1399 3783 venit
1419 3715 1498 3801 vigi-

141 3801 144 3814 ’
221 3820 319 3884 landa
344 3819 383 3907 (Ι,
406 3820 436 3903 2,
460 3819 525 3906 76),
552 3819 710 3884 666161616
736 3818 831 3884 sedes
858 3817 941 3884 iaoet
967 3818 1080 3885 abdita
1109 3819 1148 3906 (l,
1175 3821 1205 3902 3,
1229 3820 1284 3901 67)
1314 3819 1406 3886 deest
1432 3837 1498 3886 ear-

220 3922 357 3988 minibus
387 3922 461 3987 libri
490 3923 578 4010 lV.3)
641 3922 768 3988 invenis
807 3923 891 3988 enim
918 3923 971 4007 IV,
995 3925 1025 4006 3,
1048 3924 1103 3988 22:
1146 3920 1289 4009 ,ineidat
1315 3922 1348 3988 in
1382 3943 1496 3990 saevas

221 4024 402 4110 diripienda
433 4026 548 4110 leras“,
576 4025 630 4109 IV,
658 4027 688 4110 6,
714 4027 748 4090 4:
777 4031 896 4112 ,staret
919 4025 1177 4109 eonspioienda“.
1231 4025 1346 4108 Neque
1368 4026 1496 4093 iteratio

220 4130 358 4196 notionis
381 4129 523 4197 eiusdem
544 4128 601 4194 illa
623 4129 714 4195 deest
739 4128 813 4194 libri
836 4129 881 4194 IV
907 4129 1030 4213 elegiis,
1055 4130 1139 4213 quod
1159 4129 1250 4196 vides
1273 4149 1313 4195 ex
1328 4131 1361 4213 4,
1381 4131 1433 4213 23,
1454 4131 1497 4195 24

222 4235 518 4321 (laetus-laetus),
530 4235 563 4317 4,
579 4235 628 4317 18,
641 4233 682 4299 15
699 4233 975 4321 (turba—turba).
1010 4232 1219 4301 Substantiva
1235 4232 1352 4300 similia
1367 4232 1496 4319 deinde,

306 4483 327 4551 ¹)
348 4481 382 4536 61.
401 4481 514 4545 Dieron,
533 4481 552 4536 l.
571 4496 595 4536 e.
613 4498 641 4551 p.
660 4479 802 4538 CXXXVI.

305 4569 327 4636 2)
347 4568 382 4624 61.
400 4567 590 4638 Boltuuuthal,
609 4567 628 4622 l.
648 4583 671 4622 e.
691 4586 719 4639 p.
737 4569 779 4623 13.

298 4655 327 4719 ’3)
347 4656 382 4712 ef.
399 4655 587 4726 Boltuenthal,
604 4656 623 4711 l.
642 4671 667 4712 o.
685 4669 712 4726 p.
732 4657 766 4712 10
784 4659 814 4712 61
831 4670 859 4726 p.
879 4657 920 4712 11.
