3320 5158
724 234 926 333 -rt-

182 439 378 526 adjectivum
408 439 569 524 adjectivo
599 442 795 528 disjungitur
824 465 844 510 a
877 443 1090 527 substantivo,
1125 449 1160 509 ut
1192 442 1329 528 pumum
1357 442 1461 510 locum

184 545 379 629 adjectivum
395 546 448 613 vel
466 547 669 630 participium
684 547 799 630 prioris
821 547 1015 614 substantivi
1036 553 1157 632 teneat,
1173 548 1309 613 alterum
1329 545 1463 612 alterius

186 648 390 732 substantivi,
414 667 477 730 quo
500 651 687 732 plerumque
709 671 821 719 versus
844 650 961 734 finitur,
1001 650 1204 733 adjectivum,
1239 656 1290 716 est
1322 650 1356 714 in
1388 648 1461 714 libri

188 752 291 835 quarti
314 751 521 816 carminibus:
545 754 641 837 lV,3,
656 755 705 837 10,
729 755 784 838 lV,
796 757 826 838 2,
839 757 891 821 20.
915 793 957 802 -
978 755 1101 837 Restat,
1117 759 1152 817 ut
1173 753 1327 836 dicamus,
1350 752 1464 819 sormu-

185 858 250 922 lam
273 857 292 918 b
307 858 310 942 j
326 884 345 922 a
357 862 373 946 p
386 877 417 938 a,
441 875 523 938 quae
545 857 640 923 tertio
663 859 734 924 loco
754 858 1070 942 commemorabatur,
1087 857 1137 923 bis
1153 855 1290 924 inveniri
1305 857 1355 922 his
1370 855 1463 922 locis:

185 962 241 1043 IV,
253 963 283 1043 2,
297 961 350 1040 22,
373 961 427 1042 lV,
438 962 469 1042 4,
482 963 512 1026 2.
540 1001 581 1009 -
603 963 735 1027 Praeter
757 961 818 1027 huc
840 963 926 1028 locos
949 961 983 1026 in
1005 961 1130 1044 elegiis,
1152 961 1193 1026 dc
1213 960 1328 1042 quibus
1347 962 1465 1044 agitur,

184 1084 251 1130 nou
282 1063 364 1145 legis
395 1069 624 1147 pentametros,
657 1065 691 1130 iu
725 1065 841 1146 quibus
871 1065 935 1130 duo
961 1064 1166 1131 substantiva
1195 1083 1266 1130 cum
1295 1062 1466 1147 adjectivis

188 1170 360 1250 conjuncta
382 1173 467 1232 sunt.

319 1288 419 1372 lgitur
441 1287 610 1371 septimam
633 1295 757 1373 partem
779 1294 1051 1372 pentametrurum
1072 1289 1105 1354 in
1125 1289 1239 1372 elegiis
1264 1288 1369 1371 quarti
1391 1287 1466 1353 libri

189 1396 309 1459 babere
337 1393 541 1462 substantiva
571 1392 634 1458 duo
657 1413 728 1459 cum
750 1392 919 1476 adjectivis
942 1397 1113 1476 conjuncta
1133 1393 1289 1476 invenies,
1312 1393 1340 1457 si
1362 1398 1467 1458 tecum

191 1497 398 1581 reputaveris,
429 1497 600 1580 sexaginta
631 1503 663 1563 et
694 1497 773 1563 duos
804 1497 1007 1563 hexametros
1035 1497 1196 1579 elegiacos
1218 1497 1252 1562 in
1281 1497 1330 1562 his
1353 1495 1466 1580 elegiis

190 1621 268 1667 esse.
313 1602 418 1683 Atque
440 1601 474 1665 iu
496 1600 598 1684 primo
621 1601 703 1666 libro
727 1600 848 1684 quinta,
871 1602 904 1666 in
928 1601 1029 1666 altero
1053 1603 1166 1683 quinta
1188 1600 1239 1668 vel
1268 1605 1361 1666 sexta
1390 1619 1466 1682 pars

187 1711 457 1790 pentametrorum
474 1705 535 1772 huc
549 1704 720 1770 referenda
739 1724 812 1770 esse
828 1704 964 1771 videtur.
987 1745 1029 1754 —
1052 1704 1144 1782 Quae
1160 1725 1231 1771 cum
1249 1704 1295 1769 ita
1310 1703 1385 1787 sint,
1402 1702 1467 1768 noli

187 1815 312 1894 putare,
335 1809 457 1892 elegias
481 1809 586 1890 quarti
608 1808 683 1873 libri
705 1809 766 1874 hac
787 1808 820 1872 in
847 1829 881 1874 re
905 1809 1055 1875 recedere
1079 1829 1099 1874 a
1122 1808 1246 1891 ceteris,
1271 1827 1353 1889 quae
1375 1828 1395 1872 a
1415 1806 1468 1870 11-

187 1914 275 1978 bullo
298 1919 371 1978 sont
387 1912 594 1996 compositae.
628 1913 764 1995 Elegiae
784 1912 878 1996 enim,
901 1911 942 1977 de
960 1912 1075 1994 quibus
1094 1913 1229 1995 agimus,
1246 1929 1376 1995 prorsus
1396 1931 1468 1975 cun-

186 2024 304 2100 gruuut
326 2035 396 2082 cum
419 2007 613 2082 carminibus
636 2016 789 2081 librorum
818 2015 912 2099 primi
943 2022 975 2081 et
1004 2016 1147 2099 alterius,
1177 2016 1205 2081 si
1233 2014 1307 2080 libri
1336 2013 1468 2081 secundi

190 2119 327 2201 elegiam
356 2121 500 2203 alteram,
532 2139 627 2203 quam
650 2138 719 2186 eum
749 2119 822 2183 libri
854 2118 959 2200 quarti
989 2119 1183 2186 carminibus
1212 2117 1468 2202 conjungendam

191 2241 263 2288 csse
285 2223 403 2289 dictum
434 2229 483 2289 est
513 2223 546 2288 in
575 2223 746 2307 prioribus,
777 2222 817 2288 iis
848 2223 1061 2306 adjungimus.
1114 2224 1200 2288 Nam
1229 2243 1325 2305 quum
1353 2221 1387 2286 in
1410 2221 1469 2286 hac

192 2324 297 2409 elegia
319 2332 468 2408 quattuor
495 2327 699 2411 pentametri,
729 2325 763 2392 in
794 2326 909 2408 quibus
936 2327 1045 2392 insunt
1075 2327 1138 2392 duo
1168 2325 1371 2393 substantiva
1399 2344 1469 2390 cum

190 2429 359 2513 adjectivis
391 2433 570 2515 conjuncta,
604 2430 818 2515 inveniantur,
855 2450 987 2514 quorum
1021 2431 1157 2513 quisque
1191 2430 1288 2496 aliam
1326 2428 1470 2511 sequitur

193 2552 345 2615 nonnam,
375 2531 494 2600 formae
523 2534 599 2602 illae
623 2540 699 2619 tres,
731 2554 813 2616 quae
843 2535 971 2601 Tibullo
1002 2541 1093 2602 crant
1115 2534 1253 2600 maxime
1280 2534 1313 2600 iu
1335 2531 1470 2614 deliciis,

193 2635 347 2719 exemplis
369 2636 578 2704 illustrantur.
622 2639 708 2704 Nam
729 2657 857 2706 versum
880 2644 1019 2706 sextum:

294 2741 347 2808 ‚cui
365 2740 505 2796 decorent
522 2747 636 2797 sanctas
654 2744 752 2799 mollia
770 2748 850 2799 serta
869 2746 974 2799 comas‘

193 2822 238 2888 ad
258 2844 402 2888 normam
424 2827 571 2914 bjpua,

194 2923 351 2990 decimum
373 2933 533 3008 quartum:

291 3029 385 3098 ,fortis
403 3037 467 3101 arat
484 3035 584 3090 valido
602 3037 728 3093 rusticus
747 3052 819 3093 arva
837 3038 924 3094 bove‘

192 3112 401 3206 adbjljau,

191 3217 375 3286 vicesimum
396 3223 550 3289 alterum:

294 3325 384 3393 ,ludat
401 3330 431 3382 et
449 3333 515 3384 ante
533 3333 600 3384 tuos
619 3331 707 3387 turba
724 3331 842 3387 novella
859 3331 959 3401 pedes‘

193 3408 235 3474 ad
257 3410 393 3502 bjujta
414 3413 584 3480 formatum
606 3414 708 3484 vides.
754 3417 908 3493 Quartus:
984 3467 989 3482 .

294 3541 376 3595 ‚quos
396 3532 479 3584 tener
497 3546 514 3585 e
533 3534 612 3586 terra
631 3532 722 3588 divite
741 3532 828 3586 mittit
845 3531 952 3587 Arabs‘

192 3623 275 3693 hanc
299 3628 432 3714 figuram
454 3633 525 3722 bu}
540 3640 590 3724 pa
619 3635 772 3720 sequitur,
804 3654 887 3717 quae
918 3633 980 3700 hoc
1012 3638 1136 3700 tantum
1166 3633 1237 3700 loco
1259 3637 1432 3716 usurpatur
1452 3651 1473 3696 a

189 3729 334 3798 Tibullo..
373 3774 414 3783 -
459 3737 570 3822 Igitur,
600 3739 642 3812 si¹
659 3739 739 3806 hacc
768 3739 874 3822 elegia
903 3737 1107 3822 conjungitur
1136 3756 1208 3804 uum
1236 3735 1471 3819 cursusquae

168 3832 352 3923 ,Sulpiciae
391 3858 532 3904 amorem
573 3846 705 3924 canunt,
746 3861 880 3922 quarum
921 3840 1060 3925 quodam
1100 3841 1194 3906 ruodo
1235 3839 1308 3905 finis
1346 3843 1397 3904 est
1435 3841 1468 3902 et

164 3928 431 4022 “consummatio
456 3942 568 4021 quinta
582 3943 634 4010 vel
653 3949 746 4010 sexta
764 3963 840 4026 pars
860 3951 1147 4028 pentrametrurum
1165 3944 1277 4009 harum
1297 3941 1473 4026 elegiarum

189 4039 252 4106 huc
273 4039 446 4108 referenda
463 4049 522 4127 est,
545 4045 592 4111 ita
611 4052 647 4111 ut
668 4047 788 4112 nullum
810 4047 981 4115 discrimen
1002 4047 1087 4114 inter
1110 4046 1216 4128 quarti
1235 4044 1309 4111 libri
1328 4051 1361 4111 et
1379 4044 1474 4110 libro·

189 4163 258 4208 rum
280 4143 374 4227 primi
397 4145 598 4230 alteriusque
620 4150 761 4216 carmina
782 4149 939 4218 interesse
961 4151 1085 4234 videas,
1114 4170 1210 4232 quum
1233 4170 1293 4233 par
1322 4148 1389 4215 sere
1419 4167 1475 4213 uu-

186 4267 292 4316 merus
314 4248 572 4316 hexametrorum
589 4253 803 4336 elegiacorum
825 4260 858 4319 et
880 4254 932 4321 hic
954 4259 986 4320 et
1008 4255 1075 4321 illic
1097 4253 1218 4320 habeat
1240 4253 1304 4320 duo
1324 4253 1476 4319 substan·

186 4349 255 4420 tiva
277 4373 347 4420 cum
369 4351 540 4436 adjectivis
563 4358 746 4439 conjuncta.

317 4474 477 4560 Sequitur,
501 4483 535 4542 ut
558 4477 669 4561 paucis
691 4479 799 4545 verbis
822 4478 957 4563 dicatur,
981 4480 1138 4560 quomodo
1161 4479 1281 4546 factum
1303 4478 1356 4560 sit,
1386 4484 1421 4543 ut
1442 4478 1476 4542 in

191 4577 307 4660 elegiis
322 4577 396 4644 libri
413 4579 458 4644 IV
479 4601 600 4666 versus,
622 4581 663 4648 dc
683 4582 797 4666 quibus
817 4583 952 4668 agimus,
972 4583 1015 4648 ad
1029 4583 1147 4650 formas
1162 4589 1288 4650 tantum
1305 4582 1476 4649 usitatissi-

185 4701 256 4748 mas
286 4682 421 4772 bjjua
451 4684 551 4773 (lab),
583 4686 722 4774 bssjau
744 4688 846 4776 (2,3)‚
878 4687 1012 4776 bjupa
1034 4688 1126 4773 (2,3)
1155 4687 1233 4755 sueti
1262 4687 1476 4770 inveniantur,
