3320 5158
781 223 820 289 21

161 431 307 504 medium
338 431 497 515 quendam
527 432 629 498 locum
658 430 741 498 inter
768 431 884 497 librum
906 433 921 496 l
943 438 976 498 et
998 432 1028 496 Π
1049 431 1195 500 obtinere
1225 433 1347 517 elegias
1369 433 1444 498 libri

169 537 287 622 quarti.

254 677 256 684 ,
299 643 423 725 Restat,
446 647 480 707 ut
502 641 543 707 de
566 640 630 707 alio
653 641 803 725 remedio,
831 660 893 722 quo
915 641 1106 724 pentametri
1133 639 1197 707 vim
1219 648 1316 724 auget
1337 643 1445 707 'libul-

172 749 229 832 lus,
252 766 358 830 pauca
386 745 543 811 dicantur.
595 748 702 827 Atque
731 745 759 812 si
784 751 984 828 pentameter
1006 752 1055 810 est
1085 743 1237 828 apodosis
1264 747 1444 813 sentcntiae

169 850 308 926 causalis
331 850 384 916 vel
405 849 640 934 conditionalis,
662 870 744 932 quae
763 851 796 913 in
811 849 996 914 hexametro
1020 848 1145 932 legitur,
1168 850 1358 933 pentametri
1382 851 1446 916 vim

168 953 410 1040 pronominibus
438 953 513 1037 ,1110ι
537 955 627 1039 ,ipse‘
650 954 684 1018 in
706 953 766 1019 boc
788 972 883 1020 versu
904 951 1018 1035 positis
1045 972 1164 1035 augere
1194 959 1280 1018 amat
1309 953 1446 1042 poita.¹)

170 1059 263 1136 Quae
292 1059 326 1123 in
356 1057 468 1141 elegiis
498 1058 571 1122 libri
595 1058 637 1122 IV
668 1064 790 1141 quater,
823 1056 855 1122 in
879 1055 1002 1139 elegiis,
1031 1075 1110 1138 quas
1131 1056 1232 1139 primo
1259 1058 1445 1144 composuit,

173 1165 254 1250 (1‚7,
269 1165 318 1246 10,
336 1163 366 1246 4,
383 1165 413 1246 9,
430 1165 464 1248 8)
496 1161 616 1245 novies,
655 1161 687 1226 in
721 1160 913 1226 carminibus
944 1160 1059 1225 Deliae
1089 1180 1228 1226 amorem
1258 1162 1445 1228 canentibus

173 1267 303 1351 septies,
326 1267 359 1330 in
381 1267 463 1331 libro
486 1267 587 1332 altero
610 1267 709 1331 octies
731 1265 778 1330 sic
801 1265 1031 1350 usurpantur)
1076 1265 1181 1345 Atque
1204 1285 1447 1346 commemoran-

172 1371 249 1436 dum
278 1391 347 1437 esse
371 1370 505 1452 videtur,
535 1370 665 1452 saepius
688 1390 752 1434 non
777 1374 851 1449 tam,
874 1377 908 1431 ut
937 1367 1000 1433 vim
1030 1387 1105 1434 vere
1129 1375 1257 1451 augeat,
1289 1389 1383 1451 quam
1412 1376 1446 1434 ut

176 1494 300 1541 versum
321 1475 489 1557 compleat,
512 1475 641 1556 potitam
662 1473 702 1538 iis
726 1472 781 1535 uti.
821 1471 949 1552 Ubique
968 1471 1093 1537 duobus
1111 1472 1256 1539 versibus
1271 1473 1339 1557 (IV,
1352 1475 1382 1555 3,
1395 1475 1446 1558 24,

175 1580 199 1662 l,
211 1581 240 1662 4,
253 1581 307 1660 68)
330 1577 472 1662 exceptis
494 1578 683 1661 pronomina
705 1576 761 1640 illa
783 1575 830 1641 sic
858 1580 1018 1658 ponuntur
1039 1575 1072 1640 in
1095 1597 1198 1659 versu,
1226 1583 1260 1640 ut
1289 1576 1321 1641 in
1345 1577 1446 1643 altero

171 1683 363 1766 pentametri
379 1681 578 1748 hemistichio
600 1680 687 1746 arsin
708 1685 739 1744 et
758 1678 897 1763 priorem
914 1679 1015 1746 thesis
1034 1687 1157 1763 partem
1176 1680 1307 1746 alterius
1327 1681 1447 1764 dactyli

171 1787 323 1853 efficiant.
356 1788 461 1869 Atque
477 1787 531 1870 IV,
543 1789 573 1869 3,
587 1787 629 1851 24
648 1791 680 1851 01
701 1787 725 1868 l,
740 1787 771 1867 4,
792 1785 833 1849 68
853 1784 1138 1872 haec-pronomina
1153 1784 1185 1849 in
1202 1785 1267 1850 arsi
1290 1791 1321 1850 et
1340 1785 1446 1868 priore

162 1891 273 1956 'thesis
296 1896 389 1975 parte
410 1891 526 1974 prioris
549 1881 668 1973 dactyli
692 1890 824 1955 alterius
847 1887 1039 1952 hemistichii
1060 1888 1217 1971 leguntur.

299 1995 502 2061 Pentametro
521 2000 556 2058 ut
577 1993 704 2078 pondus
728 1992 888 2076 quoddam
903 1992 1026 2075 afferat,
1049 2010 1112 2056 non
1132 1993 1233 2057 solum
1248 1993 1445 2077 pronomina,

172 2099 215 2164 de
245 2098 359 2179 quibus
389 2098 507 2165 dictum
540 2105 599 2180 est,
630 2097 808 2164 sedetiam
834 2093 997 2179 adjectiva
1026 2095 1059 2159 in
1089 2096 1148 2162 hoe
1176 2115 1270 2161 versu
1301 2098 1445 2162 collocat.

175 2202 248 2278 Qua
262 2203 294 2265 in
313 2223 348 2266 re
359 2222 473 2269 versus
493 2203 596 2268 solum
618 2221 778 2283 enumero,
794 2201 826 2266 in
844 2199 957 2282 quibus
974 2199 1167 2282 adjectivum
1183 2199 1363 2266 sententiae
1382 2223 1446 2267 non

176 2305 388 2370 necessarium
407 2326 480 2372 esse
497 2305 633 2390 videtur,
650 2305 708 2371 sed
723 2305 884 2370 sententia
899 2310 1047 2370 manente
1064 2303 1179 2369 deesse
1195 2309 1311 2387 potest.
1341 2307 1446 2387 Atque

174 2409 206 2474 in
223 2409 335 2493 elegiis
352 2409 457 2491 quarti
472 2410 544 2474 libri
562 2409 754 2493 adjectivum
770 2408 830 2492 bis,
847 2413 961 2489 quater
975 2409 1008 2472 in
1023 2407 1097 2472 libri
1112 2407 1205 2492 primi
1222 2408 1335 2490 elegiis
1351 2411 1445 2493 7,10,

175 2516 206 2594 4,
215 2518 245 2595 0,
255 2515 284 2596 8,
304 2512 476 2578 duodecies
491 2513 522 2578 in
538 2513 740 2596 carminibus,
758 2531 840 2593 quae
859 2511 974 2578 Deliae
989 2532 1127 2577 amorem
1144 2512 1316 2596 celebrant,
1333 2519 1447 2594 quater

176 2615 209 2680 in
227 2615 310 2680 libro
329 2617 430 2683 altero
450 2618 496 2682 sic
515 2619 728 2701 usurpatur.³)
771 2616 999 2692 Quaterdeoies
1018 2615 1211 2699 adjectivum
1229 2616 1263 2681 in
1283 2637 1376 2684 versu
1400 2619 1447 2684 010

172 2720 311 2805 ponitur,
327 2726 362 2784 ut
383 2721 486 2804 primo
503 2727 576 2803 post
595 2741 760 2786 caesuram
778 2721 848 2787 loco
862 2721 1002 2804 legatur,
1023 2739 1154 2801 quorum
1171 2719 1204 2785 in
1223 2740 1353 2786 numero
1372 2729 1446 2786 sunt

175 2822 239 2886 duo
253 2824 317 2886 loci
331 2823 405 2886 libri
421 2823 535 2902 quarti.
566 2825 603 2887 ln
616 2824 695 2890 locis
712 2824 736 2906 Ι,
749 2827 779 2908 9,
793 2827 842 2906 78,
868 2825 891 2906 l,
904 2825 933 2907 5,
947 2827 997 2908 18,
1020 2825 1045 2907 I,
1058 2826 1088 2908 5,
1101 2827 1152 2908 20,
1176 2824 1199 2908 l,
1212 2825 1242 2906 6,
1254 2825 1296 2888 40
1315 2824 1446 2908 adjecti-

176 2943 251 2990 vum
273 2929 348 2989 ante
371 2943 535 2990 caesuram
558 2927 666 2992 habes.
711 2928 837 2994 Deinde
859 2927 1066 2994 similitudine
1094 2932 1168 2994 sunt
1197 2929 1355 3011 conjuncti
1378 2949 1446 2995 ver·

115 3087 116 3092 ,
173 3045 228 3092 sus
259 3028 283 3110 l,
296 3029 326 3111 6,
339 3029 389 3112 60,
413 3029 438 3112 l,
452 3031 481 3110 2,
494 3031 544 3114 32,
569 3029 739 3114 inquibus
768 3033 854 3099 idem
879 3032 1070 3116 adjectivum
1094 3032 1205 3098 eodem
1235 3053 1345 3099 versus
1376 3034 1446 3100 loco

173 3135 353 3214 usurpatur.
383 3171 425 3180 -
454 3133 479 3216 l,
496 3137 526 3218 3,
542 3137 584 3202 32
615 3142 648 3201 01
672 3137 696 3220 l,
712 3137 743 3218 2,
760 3140 801 3203 98
831 3136 1023 3220 adjectivum
1052 3134 1188 3202 diversis
1221 3156 1332 3203 versus
1367 3136 1444 3202 locis
1543 3192 1545 3196 .

175 3232 343 3300 invenitur.
387 3236 477 3303 Haec
499 3236 664 3305 hactenus.

301 3339 375 3404 Jam
397 3340 525 3424 singula
545 3362 728 3425 sequamur.

301 3445 407 3526 Atque
429 3446 712 3533 praepositionum,
735 3447 970 3534 particularum,
1000 3446 1255 3530 conjunctionum
1277 3447 1444 3514 collocatio

176 3544 207 3610 in
238 3546 312 3611 libri
335 3548 379 3613 IV
412 3550 524 3634 elegiis
561 3553 692 3637 saepius
722 3575 742 3619 a
770 3551 894 3635 vulgari
926 3551 1037 3617 barum
1069 3550 1252 3618 vocularum
1285 3551 1444 3635 positione

173 3650 304 3715 recedit.
356 3653 420 3719 Sed
450 3674 546 3737 quum
575 3658 764 3741 saepissime
793 3657 826 3722 in
852 3655 942 3721 libris
965 3656 978 3718 l
1002 3660 1033 3721 et
1056 3655 1085 3719 ll
1115 3655 1226 3722 eodem
1255 3656 1349 3723 modo
1379 3657 1443 3724 sint

172 3754 299 3836 positae
314 3755 375 3822 hae
390 3760 532 3844 voculae,
557 3761 676 3844 optime
699 3762 759 3828 hac
780 3761 813 3825 in
834 3781 869 3828 re
892 3759 1026 3843 elegiae,
1045 3759 1086 3826 de
1106 3759 1220 3842 quibus
1236 3761 1351 3846 agitur,
1374 3780 1444 3827 cum

231 4055 235 4064 ,
259 3989 280 4058 1)
300 3988 335 4045 of.
351 3991 540 4064 Boltzenthal,
558 3995 575 4050 l.
596 4011 619 4052 o.
638 4013 664 4065 p.
685 3997 725 4050 13.
744 4026 777 4036 -
795 3995 907 4069 Dissen,
925 3998 943 4053 l.
963 4013 985 4054 0.
1005 4014 1033 4071 p.
1051 3997 1174 4055 CLXIV.

258 4077 281 4146 2)
300 4077 369 4134 Loci
387 4087 599 4137 enumerantur:

340 4167 364 4228 4,
375 4168 399 4229 2,
410 4169 435 4236 2,
458 4169 483 4230 4,
494 4169 518 4229 3,
528 4170 570 4238 24,
591 4171 615 4232 4
625 4171 650 4231 4,
661 4171 704 4238 22
727 4173 788 4233 46,
800 4173 840 4228 10.
869 4202 902 4212 -
928 4175 951 4234 1,
961 4176 985 4234 4,
996 4175 1038 4243 62
1063 4176 1085 4236 1,
1096 4175 1120 4234 4,
1131 4173 1173 4244 68,
1197 4175 1220 4237 1,
1230 4174 1255 4236 4,
1266 4173 1308 4244 72,
1332 4174 1355 4238 1,
1365 4175 1389 4237 9,
1399 4176 1442 4245 40,

346 4257 369 4316 1,
379 4255 404 4317 6,
414 4257 457 4322 48,
477 4258 499 4316 1,
511 4258 551 4318 10,
562 4257 588 4326 2,
606 4261 629 4320 1,
641 4258 681 4321 10,
692 4261 717 4328 6,
735 4262 759 4322 1,
770 4261 863 4330 ruet,
883 4263 906 4324 1,
919 4263 959 4324 10,
969 4263 1010 4316 60.
1025 4291 1058 4301 -
1072 4261 1131 4324 22,
1141 4260 1183 4332 66,
1201 4263 1226 4324 1,
1235 4261 1260 4323 2,
1270 4261 1313 4331 68,
1332 4263 1354 4324 1,
1365 4261 1391 4324 6,
1402 4263 1444 4333 16,

343 4344 367 4405 1,
377 4342 401 4405 6,
412 4343 455 4412 66,
472 4345 497 4407 1,
507 4345 532 4408 6,
544 4344 584 4414 16,
604 4344 626 4407 1,
636 4346 661 4408 6,
672 4347 714 4415 66,
732 4347 756 4408 1,
766 4347 791 4410 6,
801 4348 843 4404 70.
866 4376 901 4387 -
917 4348 942 4412 2,
953 4351 978 4412 1,
988 4349 1031 4418 70,
1053 4349 1166 4418 2226,
1190 4347 1303 4419 2274,
1327 4349 1442 4419 2426,

322 4499 324 4503 Ι
342 4429 402 4493 24
413 4431 455 4501 36,
472 4432 532 4495 24,
543 4433 586 4502 60,
602 4432 627 4495 2,
638 4431 715 4503 218,
732 4433 757 4496 2,
768 4434 792 4496 6,
801 4435 845 4488 42.

258 4509 282 4582 3)
299 4516 412 4589 4212,
429 4519 542 4590 4424,
559 4549 592 4559 -
611 4521 635 4582 1,
644 4521 669 4582 2
679 4521 722 4590 38,
740 4520 763 4583 1,
774 4521 850 4592 266,
868 4522 926 4584 22
937 4521 978 4592 76,
997 4521 1125 4586 21262
1146 4550 1180 4561 -
1199 4522 1223 4583 1,
1233 4521 1258 4584 3,
1270 4522 1312 4592 16,
1331 4523 1354 4586 1,
1364 4519 1388 4580 3.
1400 4521 1442 4590 30,

303 4604 324 4664 1,
332 4603 356 4666 2
364 4607 406 4674 66,
425 4607 479 4669 22
488 4608 529 4673 70,
547 4609 603 4669 1‚6‚
610 4608 634 4677 6,
652 4639 685 4648 -
700 4609 806 4678 2‚l‚50,
824 4609 930 4673 2422,
948 4609 1055 4674 2442
1073 4609 1097 4670 2,
1105 4610 1129 4672 6,
1137 4610 1180 4665 40.
1197 4607 1259 4663 Huc
1268 4608 1344 4664 adde
1353 4608 1442 4678 locos,

302 4692 349 4762 qui
369 4705 456 4763 supra
474 4703 731 4752 commemorantur.
