3320 5158
736 191 958 288 --ιμ

220 412 284 478 qus
304 391 353 464 ita
377 393 529 486 proferre,
556 399 591 460 ut
612 399 760 462 constent
782 413 821 460 ex
844 393 969 461 duobus
990 394 1140 461 membris
1162 395 1215 461 vel
1236 394 1392 479 partibus,
1416 409 1499 479 quae

220 494 284 564 sibi
306 503 518 581 opponuntur.
552 497 625 565 Diei
643 497 936 582 potest,'libullum
957 498 1025 565 fere
1051 498 1167 582 omnia,
1191 518 1274 581 quae
1301 497 1498 582 cogitaverit,

221 599 373 684 bipartito
407 600 566 668 divisisse.
622 603 728 684 Atque
762 601 877 668 divisio
907 603 1138 669 sententiarum
1166 602 1224 669 illa
1252 602 1406 686 bipartita
1434 622 1500 668 non

195 705 324 782 ,solum
352 703 385 772 in
414 703 549 788 singulis
582 705 726 774 distichis
756 705 926 790 invenitur,
959 705 1019 772 sed
1052 707 1148 772 etiam
1177 726 1236 791 per
1267 705 1330 771 duo
1364 705 1501 772 disticha

222 806 413 884 extenditur.
447 808 586 876 Uberius
609 809 650 876 de
672 811 733 876 hoc
755 809 889 878 artificio
910 809 1029 878 Dissen
1048 809 1239 896 disseruitl)
1273 809 1335 887 Qui
1354 829 1424 876 cum
1440 809 1502 875 ole-

221 911 293 996 gias
319 911 393 978 libri
415 912 460 977 IV
482 934 502 980 a
523 912 651 980 Tibullo
674 913 835 997 profectas
862 933 934 980 esse
961 920 1088 997 putans.
1104 913 1261 998 exempla,
1289 912 1403 996 quibus
1426 913 1501 978 arti-

223 1015 327 1084 ficium
348 1014 428 1082 illud
450 1015 570 1081 Tibulli
593 1036 664 1083 esse
686 1017 932 1101 demonstratur,
954 1017 1021 1084 fere
1044 1019 1132 1084 nulla
1150 1017 1269 1084 nisiex
1287 1017 1376 1083 libris
1393 1016 1500 1083 letll

223 1118 467 1204 enumeraverit,
488 1119 686 1204 relinquitur,
709 1126 744 1185 ut
765 1120 947 1204 probemus,
976 1141 1080 1204 aeque
1109 1122 1142 1187 in
1172 1121 1295 1206 elegiis,
1320 1120 1500 1203 dequibus

222 1220 338 1306 agitur,
361 1221 552 1294 divisionem
574 1223 805 1292 sententiarum
827 1223 914 1290 illam
936 1224 1072 1293 inveniri
1093 1231 1191 1309 atquc
1209 1226 1242 1292 in
1264 1225 1355 1292 libris
1379 1225 1393 1288 1
1412 1229 1444 1290 et
1459 1223 1500 1286 Π.

223 1326 296 1403 Qua
317 1325 351 1401 in
373 1326 566 1396 carminibus
588 1327 662 1396 libri
685 1327 729 1393 lV
751 1347 827 1396 usus
850 1334 901 1394 est
921 1329 1000 1398 locis
1022 1329 1086 1396 his:

290 1430 338 1488 Ill.
356 1433 381 1501 2,
391 1433 492 1488 3-122
511 1436 542 1486 at
559 1435 598 1493 tu.
618 1431 754 1501 violente,
772 1436 884 1494 caveto.

332 1518 375 1574 Ne
392 1518 447 1574 tibi
465 1518 578 1580 miranti
595 1520 719 1591 turpiter
737 1533 815 1574 arma
833 1520 946 1576 cadant.
1046 1566 1048 1570 ,

289 1603 314 1660 li.
332 1604 412 1659 Illius
432 1619 467 1659 ex
488 1603 586 1668 oculis,
606 1620 668 1660 cum
686 1606 750 1666 volt
767 1622 887 1662 exurere
906 1607 1000 1676 divos,

333 1691 474 1747 Accendit
492 1692 620 1761 geminas
637 1693 787 1762 lampadas
805 1708 873 1748 acer
890 1693 987 1749 Amor.

290 1780 315 1834 t.
332 1777 423 1848 Illam,
441 1779 581 1849 quidquid
599 1779 668 1848 agit,
688 1796 802 1850 quoquo
820 1779 947 1848 vestigia
964 1780 1062 1848 movit,

333 1864 598 1934 compositurum
616 1866 856 1936 subsequiturque
874 1867 980 1923 Decor.

284 1953 317 2008 e.
335 1949 392 2006 Seu
409 1951 494 2008 solvit
513 1953 613 2014 crines.
633 1952 704 2008 fusio
723 1954 809 2010 decet
826 1970 891 2010 esse
910 1953 1033 2023 capillis,

332 2037 389 2094 Seu
407 2039 536 2110 compsit,
557 2041 677 2109 comptis
695 2044 741 2096 est
758 2043 924 2099 veneranda
942 2041 1039 2097 comis.

276 2125 316 2179 ll.
335 2123 406 2194 Urit,
425 2141 476 2182 seu
494 2126 585 2200 Tyria
603 2127 696 2182 voluit
715 2128 871 2196 procedere
890 2127 976 2200 palla,

333 2209 402 2274 Urit,
423 2228 474 2267 seu
491 2212 577 2268 nivea
595 2213 718 2269 candida
735 2219 818 2270 veste
836 2207 935 2272 venit.
997 2241 1003 2246 Δ

223 2295 331 2376 Atque
363 2297 509 2363 versibus
547 2299 639 2366 5-8
673 2298 828 2366 habemus
862 2300 1052 2368 divisionem
1089 2298 1270 2365 sententiae
1307 2296 1503 2380 bipartitam,

166 2411 169 2418 ·
224 2417 307 2480 quac
328 2419 387 2484 per
408 2399 472 2466 duc
495 2399 633 2468 disticha
656 2402 851 2469 extenditur!
871 2405 928 2471 His
952 2403 1036 2470 enim
1058 2391 1204 2470 versibus
1227 2419 1334 2483 causa,
1358 2420 1413 2466 cur
1434 2398 1503 2464 ficri

224 2502 337 2588 possit,
367 2509 402 2568 nt
424 2504 520 2570 Marti
541 2505 670 2572 miranti
699 2529 788 2573 arma
810 2508 937 2592 cadant,
968 2506 1086 2574 eximia
1114 2505 1276 2590 Sulpiciae
1302 2502 1504 2588 pulchritudo

224 2607 364 2673 affertur.
403 2607 494 2685 Quae
516 2608 641 2676 duobus
665 2609 809 2678 distichis
834 2611 986 2696 bipartito
1009 2610 1225 2676 adumbratur.
1263 2609 1378 2690 Neque
1400 2607 1504 2672 minus

225 2709 396 2795 sententia,
420 2731 503 2794 quae
525 2713 671 2779 versibus
694 2716 713 2779 7
734 2719 766 2780 et
789 2711 925 2800 8'inest,
948 2715 1072 2781 duobus
1095 2712 1239 2780 distichis
1261 2711 1414 2796 bipartito
1435 2709 1504 2774 illu-

224 2817 354 2898 stratur,
378 2834 473 2896 quum
496 2837 567 2882 eam
589 2818 722 2901 capillos
739 2825 771 2884 et
787 2819 874 2886 fusos
891 2826 924 2887 et
940 2825 1083 2903 comptos
1105 2837 1165 2884 nec
1186 2816 1289 2882 minus
1313 2812 1505 2883 vestimenta

225 2935 296 2982 cum
316 2917 438 3000 pallam
459 2919 590 3002 Tyriam
612 2927 679 2986 tum
701 2927 824 2988 vestem
845 2923 973 2990 niveam
995 2922 1110 3013 decere
1132 2920 1219 2987 dicat
1241 2921 1347 3004 po'e'ta.
1378 2957 1420 2966 -
1449 2916 1504 2980 Se-

226 3024 365 3102 quuntur
386 3018 485 3086 ceteri
503 3021 574 3105 loci,
597 3023 631 3088 in
653 3023 768 3106 quibus
791 3026 953 3092 sententia
971 3025 1125 3110 bipartito
1144 3023 1249 3090 divisa
1269 3042 1341 3088 esse
1363 3020 1502 3087 videtur:

293 3125 318 3192 3,
337 3125 361 3186 1,
379 3125 409 3180 a:
427 3125 517 3181 Parce
535 3141 598 3181 meo
616 3127 720 3188 iuveni.
740 3144 792 3185 seu
810 3129 873 3200 quis
892 3131 969 3187 bona
985 3144 1094 3200 pascua
1115 3127 1208 3197 campi
1324 3154 1326 3164 ι

335 3209 392 3268 Seu
410 3211 481 3268 colis
499 3212 627 3268 umbrosi
645 3214 732 3274 devia
751 3216 854 3272 montis
872 3231 951 3285 aper.

292 3299 319 3361 4,
337 3300 366 3353 7:
385 3297 423 3352 Et
440 3298 635 3370 quodcumque
653 3301 748 3356 maliet
766 3306 796 3358 ot
814 3302 952 3374 quidquid
968 3290 1053 3359 triste
1071 3301 1210 3369 timemus,

335 3383 368 3439 In
385 3384 505 3454 pelagus
524 3386 633 3455 rapidis
653 3387 759 3443 evehat
777 3389 866 3446 amnis
885 3389 975 3460 aquis.

226 3468 297 3548 Quo
327 3470 361 3536 in
386 3470 456 3538 loco
482 3470 564 3554 petit
593 3493 615 3538 a
643 3471 704 3540 deo
734 3475 841 3558 potita,
871 3481 906 3539 ιιι
936 3474 1043 3541 omnia
1067 3473 1154 3539 mala
1183 3471 1308 3538 auferat
1338 3492 1358 3535 a
1384 3469 1502 3553 puella.

225 3573 331 3661 Atque
354 3593 449 3658 quum
470 3576 556 3641 mala
578 3596 650 3643 esse
672 3577 797 3662 possint
818 3577 937 3646 diversi
962 3577 1100 3662 generis,
1127 3577 1234 3662 polita,
1262 3594 1323 3658 quc
1351 3580 1400 3639 est
1425 3571 1504 3638 divi-

312 3785 334 3854 1)
353 3785 389 3852 cf.
406 3787 520 3857 Dioren,
539 3788 557 3842 l.
575 3804 598 3843 c.
617 3806 644 3859 p.
664 3787 756 3844 CXIX.

363 3873 429 3929 Janr
442 3873 602 3943 interroget
616 3875 726 3945 aliquis,
743 3875 884 3945 quomodo
897 3874 960 3930 fieri
973 3873 1075 3943 possit,
1090 3876 1122 3927 ut
1135 3885 1178 3941 ca,
1191 3885 1264 3941 quac
1278 3867 1379 3923 fusiori
1391 3867 1504 3922 dicendi

361 3960 460 4028 generi
479 3962 578 4030 procul
598 3961 685 4017 dubio
703 3961 870 4030 inserviant,
887 3961 942 4016 hoc
955 3974 1115 4016 enumerem
1132 3959 1205 4026 loco,
1224 3972 1308 4028 quum
1322 3956 1358 4010 de
1374 3969 1504 4009 sermone

362 4045 471 4101 Tibulli
488 4053 589 4116 agatur
607 4048 727 4117 simplici
745 4051 831 4117 atque
850 4047 984 4102 dilucido.
1020 4045 1077 4101 Sed
1102 4059 1269 4116 quamquam
1287 4043 1342 4097 hoc
1359 4056 1428 4097 vere
1448 4039 1505 4095 dici

362 4132 498 4200 concedo,
522 4139 616 4190 tamen
642 4134 822 4190 nibilominus
846 4133 901 4189 hoc
920 4132 1040 4188 artificio
1059 4132 1193 4188 Tibullus
1212 4130 1366 4200 simplicem
1385 4129 1414 4182 et
1432 4127 1503 4182 dilu-

362 4219 455 4275 cidum
481 4219 578 4276 reddit
601 4237 765 4276 sermonem.
802 4221 901 4290 Neque
925 4219 999 4276 enim
1021 4223 1054 4274 ut
1071 4224 1142 4288 pnto
1160 4234 1217 4273 non
1234 4219 1348 4286 spectat
1371 4214 1427 4269 nisi
1449 4213 1504 4288 ,ad

362 4306 540 4363 latitudinem
556 4307 743 4377 expositionis
762 4301 935 4376 elegiacac“,
952 4309 984 4361 ut
1001 4305 1101 4361 verbis
1117 4305 1223 4360 Dissen
1239 4307 1313 4370 utar,
1337 4318 1388 4356 seu
1406 4316 1505 4356 aurum

362 4395 393 4448 et
409 4393 610 4461 possessiones
628 4397 881 4448 commemorantur
899 4408 952 4462 pro
971 4393 1075 4462 opibus
1094 4407 1145 4447 seu
1158 4390 1237 4446 notio
1251 4388 1407 4445 senectutis
1425 4386 1505 4456 rugis

362 4476 446 4532 facici
464 4483 494 4534 et
512 4478 624 4549 capillis
642 4478 716 4534 albis
735 4479 903 4548 explicetur,
921 4479 1004 4534 immo
1023 4478 1129 4547 optime
1147 4477 1202 4533 hoo
1218 4475 1304 4532 modo
1323 4489 1396 4546 quae
1414 4474 1505 4528 minus

361 4562 461 4620 faciles
480 4569 545 4622 sunt
567 4566 604 4620 ad
627 4565 842 4634 intelligendum
865 4565 996 4621 notiones
1021 4565 1108 4621 rebus
1134 4564 1230 4621 sensui
1253 4560 1392 4632 subjectis
1416 4574 1502 4628 expo-

361 4653 471 4705 nuntur.
507 4651 586 4708 Haeo
603 4651 750 4713 hactonus.
