3320 5158
360 219 515 287 ··.··.
901 230 922 293 6

278 438 322 506 ad
338 414 873 525 septjin'sdrfcbmpldctijtidasa
893 437 1022 504 Tibullo
1044 437 1180 521 scriptas
1204 457 1276 504 esse
1295 438 1382 506 dicit.
1416 439 1454 504 ld
1471 439 1555 506 enirn

278 543 408 629 probari
423 543 624 627 praestantia
638 560 747 608 earum
762 548 860 624 atque
876 541 1029 609 orationis
1045 540 1263 626 similitudine,
1280 543 1556 624 quaelintercedat

278 649 362 716 inter
389 648 488 715 libros
518 648 588 714 let
610 647 642 710 ll
671 652 703 712 et
733 646 791 712 has
821 645 954 729 elegias.
1005 644 1132 711 Deinde
1161 652 1264 712 artem
1292 646 1461 732 poetieam,
1492 668 1556 731 qua

276 753 469 838 splendeant
488 750 613 835 elegiae
634 749 721 834 illae,
737 768 866 834 prorsus
883 770 954 815 esse
970 749 1196 818 Tibullianam.
1234 749 1375 826 Quarum
1390 771 1555 836 argumen-

277 863 344 922 tum
366 857 505 924 alienum
528 875 599 922 esse
622 875 643 920 a
661 853 776 922 ceteris
791 853 910 918 Tibulli
931 852 1123 919 carminibus
1139 854 1294 920 concedit.
1317 895 1360 902 —
1382 855 1555 922 Praeterea

278 961 461 1027 cerinthum
482 960 516 1025 in
537 960 619 1025 libro
642 959 744 1024 altero
763 959 880 1042 poetae
899 958 1034 1023 amicum
1050 955 1203 1042 ¹inveniri;
1224 958 1351 1024 tertiam
1374 961 1458 1026 enim
1480 960 1555 1026 libri

277 1064 409 1130 alterius
431 1063 568 1148 elegiam
589 1081 661 1128 eum
687 1060 808 1144 alloqui
837 1067 935 1143 atque
965 1061 1100 1126 alteram
1129 1060 1172 1126 ad
1200 1060 1285 1127 diem
1315 1062 1385 1130 eius
1413 1066 1554 1131 natalem
1642 1051 1651 1072 ⁶

278 1167 564 1236 concelebrandum
592 1186 664 1232 esse
694 1165 912 1250 compositam.
964 1165 1056 1242 Quae
1085 1185 1156 1231 oum
1184 1165 1231 1230 ita
1260 1167 1334 1251 sint,
1363 1188 1428 1233 non
1457 1189 1554 1253 posse

277 1271 427 1356 dubitari,
458 1271 534 1354 quin
564 1270 732 1337 cerinthus
763 1269 867 1352 quarti
897 1267 970 1334 libri
999 1269 1084 1335 idem
1113 1269 1165 1353 sit,
1196 1269 1249 1352 qui
1278 1271 1312 1334 in
1339 1271 1421 1336 libro
1451 1273 1553 1339 altero

277 1381 547 1458 commemoretur.
591 1375 661 1442 Huc
682 1374 846 1457 amedera,
869 1372 954 1455 quod
975 1373 1024 1440 bis
1049 1392 1175 1456 quoque
1196 1375 1230 1439 in
1248 1374 1361 1457 elegiis
1382 1376 1552 1463 Messalae,
1643 1446 1645 1455 ,

276 1479 395 1546 Tibulli
418 1478 521 1563 amici,
544 1478 601 1544 liat
622 1478 752 1562 mentio,
780 1483 974 1561 quapropter
1004 1476 1044 1542 de
1066 1476 1209 1561 Sulpicia
1230 1477 1364 1562 poetria,
1395 1479 1445 1545 oui
1468 1480 1553 1546 docti
1644 1463 1653 1501 '⁴

277 1583 420 1652 nonnulli
449 1583 508 1650 has
538 1581 660 1665 elegias
690 1583 913 1664 attribuerant,
943 1601 1007 1646 non
1035 1601 1131 1664 posse
1162 1581 1306 1665 cogitari.
1355 1583 1462 1674 Atque
1491 1584 1552 1649 bae

276 1689 401 1771 elegiae
421 1686 497 1754 inde
519 1687 561 1752 ab
584 1687 688 1752 altera
715 1705 817 1767 usque
847 1684 890 1750 ad
912 1684 1082 1768 septimam
1104 1707 1122 1751 e
1151 1685 1314 1752 sententia
1344 1686 1475 1771 Gruppe
1505 1708 1553 1754 ar-

185 1867 187 1870 ,
275 1792 399 1862 tissime
421 1790 504 1856 inter
525 1810 562 1856 se
584 1809 747 1856 connexae
770 1789 870 1854 amori
889 1788 1051 1872 Sulpiciae
1071 1789 1276 1871 Cerinthique
1299 1791 1552 1857 concelebrando

276 1893 462 1963 inserviunt.
516 1893 630 1975 Neque
659 1892 744 1960 enim
776 1892 980 1976 cogitandum
1009 1913 1082 1959 esse
1116 1893 1156 1958 de
1186 1893 1348 1959 sententia
1375 1895 1467 1979 Voss,
1498 1897 1551 1979 qui

276 2000 335 2066 bas
351 1997 473 2082 elegias
492 1997 722 2081 corpusculum,
742 1996 827 2078 quod
842 1996 961 2082 dicunt,
979 1996 1185 2081 epistolarum
1204 1997 1356 2082 Cerinthi,
1379 1998 1550 2085 Sulpiciae,

275 2091 394 2170 Tibulli
422 2122 494 2168 esse
522 2106 627 2185 putet3
656 2100 751 2166 immo
780 2100 955 2184 praecipua
977 2106 1046 2167 arte
1076 2121 1132 2166 eas
1155 2121 1227 2166 esse
1257 2101 1428 2188 consectas,
1458 2124 1551 2188 quae,

275 2215 399 2274 tantum
420 2205 516 2288 absit,
539 2210 574 2269 ut
595 2225 680 2270 nexu
702 2211 843 2288 careant,
865 2210 900 2269 ut
923 2204 1042 2288 optime
1065 2204 1268 2272 cohaereant.
1308 2205 1415 2289 Atque
1436 2207 1552 2274 falsam

275 2331 348 2379 esse
368 2311 457 2376 illam
479 2308 661 2393 opinionem
684 2309 776 2393 Voss,
799 2308 874 2375 iude
896 2328 992 2392 posse
1014 2307 1131 2393 colligi,
1155 2310 1240 2392 quod
1260 2310 1332 2376 luoe
1354 2311 1397 2376 sit
1423 2311 1550 2395 clarius,
1649 2298 1653 2342 ³

275 2414 407 2482 alternis
429 2413 553 2482 vicibus
574 2413 662 2496 loqui
684 2414 813 2496 politam
836 2419 870 2478 et
890 2412 1073 2497 Sulpiciam.

402 2517 476 2584 Jsm
516 2536 638 2582 summa
678 2517 789 2583 harum
826 2516 1000 2600 elegiarum
1040 2537 1058 2582 e
1098 2517 1259 2586 sententia
1299 2518 1431 2603 Gruppe
1470 2518 1552 2588 haec

274 2630 339 2692 est:
391 2619 542 2706 Sulpicia,
571 2608 691 2704 'puella
722 2619 933 2705 nobilissima,
971 2621 1164 2706 Cerintbum,
1205 2622 1352 2690 iuvenem
1392 2623 1551 2705 quendam

274 2727 424 2795 inferiore
453 2725 524 2791 loco
557 2732 677 2808 natum,
710 2724 854 2809 adalnat;
891 2744 953 2808 quo
986 2746 1094 2792 amore
1127 2726 1162 2792 in
1183 2726 1252 2793 dies
1287 2733 1449 2794 crescente
1480 2748 1551 2812 per-
1642 2801 1645 2813 Α

273 2838 361 2898 mota
392 2837 493 2897 totam
525 2849 561 2895 se
594 2829 672 2894 darc
704 2836 811 2896 amato
844 2849 908 2895 non
940 2829 1077 2896 dubitat.
1127 2831 1233 2913 Atque
1270 2837 1356 2898 recte
1390 2831 1551 2899 iudicasse

273 2935 350 3000 mibi
379 2933 505 3001 videtur
535 2933 676 3017 Gmppe,
706 2932 767 2999 hoc
795 2939 982 3016 argumento
1018 2933 1173 3000 contineri
1207 2937 1337 3019 elegias,
1361 2937 1402 3002 de
1435 2936 1550 3019 quibus

273 3039 389 3122 agitur.
455 3037 570 3119 Neque
603 3035 705 3102 minus
742 3035 922 3103 consenties
955 3056 1024 3102 cum
1059 3037 1200 3122 Sauppe,
1238 3039 1318 3104 haee
1355 3038 1497 3105 earmina
1529 3061 1551 3106 a

273 3141 388 3210 ceteris
424 3141 498 3206 libri
529 3140 571 3204 IV
609 3159 681 3205 esse
718 3139 910 3223 separanda.
979 3140 1095 3223 Neque
1131 3141 1216 3207 enim
1251 3140 1320 3208 fieri
1359 3149 1477 3226 potest,
1514 3149 1550 3209 ut

273 3244 388 3312 ceteris
421 3244 494 3309 libri
528 3245 570 3309 lV
605 3243 718 3328 elegiis
751 3243 785 3310 in
822 3264 930 3310 amore
964 3243 1107 3310 Cerinthi
1139 3244 1364 3329 Sulpiciaeque
1397 3252 1551 3330 pergatur
1650 3239 1651 3270 ³

274 3350 463 3415 enarrando.
507 3348 632 3414 Amoris
656 3348 739 3414 enim
767 3346 927 3414 enarratio
958 3369 997 3414 eo
1018 3349 1174 3433 perducta
1203 3355 1253 3416 est
1274 3349 1380 3432 elegia
1401 3350 1549 3435 septima,
1650 3339 1651 3378 l

272 3457 507 3536 reexspecta,
530 3452 609 3536 fore,
632 3451 723 3518 utin
749 3452 855 3534 elegia
883 3451 1029 3536 proxima
1058 3451 1201 3536 finiatur;
1223 3474 1288 3519 non
1317 3460 1549 3538 exspectamus,
1647 3515 1650 3536 ,

272 3556 351 3640 fore,
374 3564 409 3620 ut
430 3555 559 3622 uberius
582 3555 792 3626 extendatur.¹
828 3556 942 3638 Neque
965 3555 1050 3620 enim
1072 3555 1178 3638 elegia
1199 3556 1338 3640 septima
1364 3555 1436 3622 finis
1460 3577 1551 3624 enar·
1646 3541 1650 3556 ’

272 3659 407 3728 rationis
439 3659 552 3726 haberi
584 3666 703 3744 potest,
738 3678 832 3741 quum
871 3659 989 3725 exitum
1022 3658 1274 3741 tranquilliorem
1305 3667 1483 3744 exspectes,
1516 3661 1551 3727 in

273 3784 336 3847 quo
358 3763 554 3846 acquiescas.
587 3762 683 3845 Sane,
706 3762 868 3847 Sulpiciae
891 3762 1085 3830 desiderium
1109 3763 1271 3847 expletum
1292 3770 1352 3847 est,
1375 3764 1434 3830 sed
1456 3764 1551 3832 simul

271 3867 306 3933 in
326 3866 404 3933 boni
425 3867 520 3932 moris
543 3866 751 3932 offensionem
776 3866 915 3933 incurrit.
968 3866 1095 3933 Deinde
1125 3886 1220 3950 quum
1242 3868 1360 3950 Venus,
1393 3889 1488 3952 quam
1516 3869 1550 3934 in

272 3971 412 4037 carmine
442 3970 552 4052 quinto
589 3969 760 4054 invocavit,
790 3970 913 4054 petenti
942 3991 1007 4037 non
1036 3971 1183 4055 defuerit,
1213 3971 1297 4038 Juno
1326 3971 1412 4039 idem
1441 3973 1550 4056 faciat,

270 4094 404 4141 necesse
425 4079 485 4140 cst.
523 4073 637 4157 Neque
660 4074 727 4140 ulla
749 4073 814 4140 alia
836 4095 871 4140 re
892 4081 1061 4158 peceatum
1082 4075 1207 4161 expiari
1229 4082 1338 4160 potest
1359 4077 1422 4144 nisi
1444 4076 1553 4143 matri-

272 4178 386 4244 monio
406 4177 549 4261 legitime
578 4199 599 4243 a
627 4178 691 4245 reis
721 4184 895 4259 contracto.
939 4178 1031 4256 Quae
1054 4198 1124 4246 cum
1145 4179 1193 4246 ita
1215 4179 1290 4264 sint,
1314 4200 1384 4246 cum
1406 4181 1467 4248 hac
1488 4181 1553 4248 ele·
1648 4241 1649 4264 ,

272 4281 395 4366 giarum
425 4281 508 4348 serie
538 4280 611 4347 libri
638 4282 668 4346 Π
691 4282 796 4366 elegia
825 4283 928 4349 altera
958 4289 1027 4348 arte
1058 4283 1283 4367 conjungenda
1313 4303 1385 4350 esse
1414 4283 1552 4351 videtur.
1648 4319 1649 4368 3

271 4386 356 4452 Nam
386 4385 471 4468 quod
500 4385 543 4451 ad
571 4385 704 4452 formam
733 4386 858 4470 attinet,
889 4386 949 4453 hac
977 4385 1105 4452 demum
1133 4386 1239 4470 elegia
1260 4387 1375 4454 ceteris
1398 4387 1553 4472 adjuncta
1648 4375 1649 4380 ἵ

270 4489 466 4574 symmetria,
489 4508 585 4573 quam
606 4489 724 4574 dicum,
746 4491 890 4574 perlecta
919 4494 978 4556 est.
1022 4489 1123 4557 Poeta
1145 4491 1239 4576 enim,
1263 4490 1318 4575 qui
1339 4492 1372 4557 ln
1395 4491 1552 4576 poematis

272 4592 403 4661 exordio
433 4593 556 4661 locutus
590 4599 650 4677 est,
680 4593 714 4660 in
742 4594 830 4661 exitu
851 4595 1001 4677 loquatur
1028 4614 1161 4662 necesse
1191 4615 1264 4662 esse
1293 4595 1431 4663 videtur.
1482 4595 1553 4663 Huc

270 4697 404 4784 aceedit,
419 4727 422 4734 ·
436 4698 521 4782 quod
548 4697 583 4764 in
610 4698 692 4765 libro
719 4699 821 4766 altero
853 4699 970 4785 elegia,
1000 4699 1041 4766 de
1065 4720 1128 4784 qua
1150 4699 1266 4784 agitur,
1292 4706 1418 4768 tantum
1446 4700 1551 4785 abest,
1647 4759 1648 4766 ,
