3320 5158
787 169 827 232 13

167 398 252 463 quac
282 375 316 442 in
343 373 458 441 codem
484 365 629 440 disticho¹
646 373 680 441 in
705 373 795 441 libris
818 375 833 438 l
855 379 888 440 et
909 375 940 440 Π
961 374 1152 460 saepissimo
1173 374 1392 462 admittuntur,
1413 377 1447 444 in

65 528 68 539 ι
158 483 284 552 'codem
305 477 612 562 disticho-leguntur
632 480 667 563 4,
689 479 719 562 5,
742 480 761 544 6
784 478 1104 566 (artus—membra).

295 583 348 650 Ad
368 581 541 649 maximam
562 581 798 666 simplicitatem
820 582 1005 666 adspirasse
1031 568 1168 668 podiam,
1202 603 1242 650 ca
1265 604 1390 667 quoquc
1412 605 1447 652 re

128 667 142 737 ¹·
171 690 359 774 declaratur,
367 684 469 770 quod
490 686 665 752 sententias
689 686 842 770 exemplis
866 691 898 752 et
923 685 1072 770 mythicis
1099 692 1131 752 et
1154 709 1174 752 a
1195 693 1311 754 natura
1335 688 1446 773 petitis

169 795 328 860 illustrare
352 789 486 874 respuit.
498 791 522 877 1)
570 790 676 872 Atque
707 809 802 873 quum
828 789 861 856 in
888 787 1000 874 elegiis
1027 789 1101 856 libri
1125 792 1181 882 IV¹
1197 789 1259 859 duo
1285 812 1447 876 compara-

166 897 264 964 tionis
287 895 435 983 exempla
456 893 564 978 insint,
582 892 673 959 libris
695 893 798 979 primo
821 899 854 959 et
875 895 977 960 altero
995 899 1066 961 octo
1083 895 1323 980 praebentibus,
1340 895 1447 962 simili·

167 1000 313 1067 tudinem
334 997 497 1064 mirificam
518 996 619 1065 vides.
668 997 741 1063 Jam
770 1003 946 1081 sequuntur
966 997 1039 1082 loci,
1061 997 1122 1080 qui
1136 999 1305 1083 spectandi
1327 1002 1448 1084 suntri)

240 1104 262 1175 Ι,
279 1103 302 1166 5,
321 1105 349 1157 3:
369 1093 496 1172 Namque
515 1093 594 1172 agor',
612 1109 646 1160 at
662 1118 715 1173 per
733 1102 820 1172 plana
839 1101 911 1157 citus
930 1103 994 1158 sola
1011 1102 1135 1158 verbere
1153 1103 1264 1159 turben.

239 1191 260 1255 I,
279 1192 304 1254 5,
322 1191 372 1246 45:
392 1191 471 1246 Talis
489 1190 527 1244 ad
544 1190 730 1246 Haemonium
747 1189 850 1244 Nereis
868 1188 957 1244 Pelea
975 1189 1118 1258 quondam

278 1277 401 1334 Vectast
415 1276 529 1334 frenato
548 1279 663 1333 caerula
680 1277 760 1347 pisce
779 1274 890 1331 Thetis.

194 1435 196 1438 Ι
240 1364 262 1427 Ι,
280 1366 304 1434 6,
322 1363 369 1420 5³:
386 1363 537 1433 Attigcria
556 1364 690 1436 labentur
708 1379 787 1435 opos,
806 1369 840 1420 at
857 1363 975 1418 volnera
993 1368 1094 1419 nostro

282 1450 411 1520 Sanguis,
428 1457 462 1508 at
478 1450 525 1506 bic
543 1451 638 1507 ventis
656 1451 847 1522 diripiturque
866 1449 945 1505 cinis.

228 1537 262 1602 11,
281 1539 306 1610 5,
324 1542 353 1594 9:
373 1539 490 1610 Qualem
506 1545 535 1594 tc
554 1543 711 1595 memorant
728 1536 850 1593 Saturno
868 1552 939 1608 roge
956 1535 1057 1605 fugato

280 1625 391 1683 Victori
408 1627 510 1690 laudes
528 1626 705 1682 concinuisse
723 1624 800 1680 Joui.

217 1711 265 1776 IV,
283 1714 308 1776 9,
328 1715 375 1770 13:
396 1716 475 1772 Talis
492 1714 521 1768 in
539 1717 657 1769 aeterno
675 1711 744 1767 felix
761 1710 933 1767 Vertumnus
951 1708 1070 1780 Olympo

283 1801 360 1858 Mille
377 1801 467 1859 habet
485 1805 611 1870 ornatus,
628 1799 704 1854 mille
723 1799 860 1854 decenter
877 1796 974 1852 habet.

220 1886 267 1951 IV,
287 1890 310 1951 6,
331 1891 376 1945 17:
394 1889 499 1960 Uritur,
516 1894 551 1946 at
567 1888 677 1944 calores
695 1889 780 1941 urunt
798 1884 901 1939 altaria
917 1883 1053 1953 flammae,

282 1975 342 2032 Nec
360 1976 447 2032 liceat
465 1976 603 2047 quamvis,
624 1989 694 2031 sana
711 1971 801 2028 inisse
819 1970 899 2027 velit.

170 2061 276 2143 Atque
305 2061 407 2130 forma
436 2063 548 2128 harum
578 2057 849 2145 comparationum
884 2076 979 2140 quam
1010 2055 1135 2122 similis!
1167 2056 1328 2124 Particula
1361 2059 1445 2126 enim

59 2173 64 2239 ἰ
170 2169 210 2231 at
238 2167 384 2250 exempla
410 2167 468 2233 illa
489 2188 510 2232 a
531 2167 647 2232 natura
671 2161 785 2248 petita,
816 2179 939 2244 quaec
965 2159 1172 2245 mythologie,
1204 2180 1298 2244 quam
1326 2161 1444 2249 dicunt,

61 2285 63 2317 ³
173 2269 314 2354 sumpsit,
348 2270 468 2339 voculis
496 2271 596 2356 ,talis‘
625 2267 752 2354 ,666116ί
781 2285 851 2332 oum
876 2264 982 2349 priore
1011 2264 1173 2330 sententia
1201 2268 1444 2351 conjunguntur.

59 2437 62 2447 ,
170 2371 346 2457 Propterea
378 2394 474 2457 quum
514 2373 655 2440 imitator
689 2391 784 2454 quam
816 2367 1079 2453 diligentissimus
1112 2368 1258 2437 omnibus
1297 2370 1444 2460 vestigiis

59 2467 66 2532 ζ
173 2474 253 2559 eius,
286 2496 381 2558 quem
411 2475 569 2562 imitatur,
594 2497 658 2543 666
690 2473 794 2558 possit
825 2472 985 2557 insistere,
1024 2471 1083 2538 sed
1114 2471 1148 2538 in
1180 2473 1275 2540 rebus
1307 2473 1444 2541 minimis

172 2576 303 2661 saepius
329 2578 508 2647 inveniatur
533 2581 625 2666 alius,
651 2579 712 2646 hac
738 2598 772 2644 rc
800 2597 894 2661 quam
920 2575 1167 2644 luculentissime
1189 2597 1346 2661 apparere
1367 2577 1444 2643 mihi

60 2764 63 2774 ι
170 2679 306 2767 videtur,
340 2683 383 2749 ab
415 2705 478 2752 uno
505 2683 681 2765 codemque
706 2684 803 2767 polita
829 2689 861 2748 et
887 2681 1038 2765 carmina,
1065 2678 1242 2763 dequibus
1265 2681 1381 2767 agitur,
1411 2687 1443 2748 ct

20 4298 56 4443 *t

173 2784 295 2866 elegias
316 2786 470 2851 librorum
490 2787 585 2870 primi
606 2785 800 2870 alteriusque
823 2804 894 2852 esse
916 2787 1045 2869 scripta.

299 2886 424 2971 Restat,
440 2893 475 2953 ut
490 2889 531 2954 de
548 2887 804 2974 conformatione,
821 2908 904 2972 quae
919 2887 1079 2956 invenitur
1089 2886 1176 2974 apud
1186 2887 1356 2974 Tibullum,
1368 2889 1443 2956 ube·

169 2989 235 3056 rius
251 2988 415 3078 dicatum)
436 2993 542 3076 Atque
555 2991 724 3059 dicendum
736 2999 795 3078 est,
807 3013 1015 3077 personarum
1029 2991 1197 3078 fictionem,
1214 3012 1308 3076 quam
1319 2992 1443 3060 invenis

169 3093 257 3177 apud
278 3093 449 3180 libanum,
471 3117 536 3164 666
558 3116 631 3164 6666
653 3097 855 3182 arcessitam,
877 3097 971 3163 immo
993 3096 1139 3163 notiones
1161 3097 1247 3181 illae,
1271 3116 1354 3181 quae
1372 3117 1443 3163 666-

170 3195 358 3264 formatione
379 3198 569 3285 afficiuntur,
592 3201 675 3267 ultro
696 3220 768 3267 sese
791 3201 926 3266 offerunt
940 3199 1204 3284 prosopopoeiae.
1238 3198 1331 3277 Quod
1349 3200 1442 3266 facilc

172 3317 191 3365 e
223 3299 412 3386 notionibus,
446 3322 526 3384 quas
561 3323 721 3390 enumero,
756 3303 923 3387 colligitur.
979 3302 1181 3386 Quapropter
1217 3303 1278 3371 hac
1316 3323 1441 3388 quoque

171 3405 427 3487 recognoscitur
455 3405 643 3490 simplicitas
666 3407 723 3474 illa
745 3406 937 3473 'libulliana
984 3407 1090 3487 Atque
1117 3403 1194 3473 deos
1220 3407 1274 3475 vel
1298 3407 1441 3474 homines
1486 3435 1488 3444 ·

169 3503 306 3590 intelligi
327 3509 396 3576 vult
416 3510 513 3593 polita
533 3509 659 3577 Lunam
681 3513 720 3598 (Ι,
744 3514 774 3596 8,
796 3511 848 3594 21,
871 3512 911 3595 ll,
932 3512 964 3595 4,
988 3512 1052 3598 18),
1074 3509 1181 3576 Solem
1203 3511 1256 3598 (II,
1278 3513 1309 3596 6,
1328 3513 1379 3597 60,
1401 3513 1441 3598 ll,

166 3609 197 3694 5,
221 3611 271 3695 75,
294 3611 334 3696 Π,
357 3613 387 3696 3,
410 3614 465 3700 56)
491 3613 633 3681 Poenam
659 3617 698 3703 (Ι,
721 3619 750 3701 9,
772 3617 807 3703 4)
834 3616 950 3682 Pacem
976 3615 1014 3702 (Ι,
1038 3617 1088 3699 10,
1110 3615 1162 3699 45,
1189 3616 1255 3704 67),
1281 3614 1378 3700 Spem
1399 3617 1439 3703 (Ι,

166 3714 195 3796 1,
219 3715 249 3796 9,
276 3713 316 3798 ΙΙ,
340 3715 370 3799 6,
395 3717 459 3803 19),
485 3717 620 3784 Mortem
646 3721 683 3807 (Ι,
712 3724 741 3805 1,
764 3722 815 3804 70,
842 3720 867 3804 Ι,
890 3720 920 3804 3,
946 3720 968 3784 4
990 3724 1022 3785 et
1043 3721 1088 3808 5),
1114 3719 1252 3785 ianuam
1277 3719 1316 3806 (Ι,
1342 3720 1373 3805 2,
1396 3721 1440 3809 7),

164 3815 303 3880 Noctem
324 3819 367 3905 (2,
392 3822 421 3904 1,
442 3821 507 3908 87),
530 3821 680 3888 Somnum
696 3829 728 3890 et
747 3823 877 3890 Somnia
899 3823 952 3910 (Il,
966 3825 995 3908 1,
1008 3824 1073 3910 90),
1096 3822 1253 3890 Decorem
1272 3823 1340 3912 (IV,
1352 3824 1383 3908 2,
1395 3825 1439 3913 8).

165 3916 268 4000 Igitur
295 3922 530 4007 prosopopoeia
559 3925 673 3992 eodem
706 3927 800 3993 modo
830 3927 864 3993 in
896 3925 978 3993 libro
1005 3927 1048 3991 IV
1078 3932 1233 4011 usurpata
1260 3933 1311 3994 est
1343 3932 1440 4011 atque

164 4020 200 4086 in
225 4020 315 4089 libris
340 4024 443 4108 primo
469 4033 502 4093 et
524 4029 637 4095 altero.
681 4030 854 4097 Notionem
876 4029 960 4096 enim
982 4029 1106 4097 decoris
1128 4029 1223 4097 facile
1245 4030 1440 4115 cogitatione

68 4171 77 4198 .,
163 4123 224 4190 tibi
256 4125 350 4212 fingis
384 4129 488 4216 deum,
521 4133 712 4215 pracsertim
750 4154 845 4217 quum
878 4133 911 4199 in
947 4133 1004 4218 eis,
1043 4153 1125 4217 quac
1159 4133 1362 4221 antecedunt,
1398 4133 1439 4202 de

247 4373 269 4440 ¹)
289 4374 325 4432 cf.
342 4376 525 4434 Boltzcnthal
542 4379 561 4434 l.
580 4394 604 4435 c.
621 4395 648 4449 p.
667 4382 692 4434 9.
709 4407 744 4421 -
762 4380 798 4437 cf.
816 4382 930 4451 Dissen,
947 4382 966 4436 l.
984 4397 1008 4437 c.
1026 4398 1055 4454 p.
1072 4381 1236 4438 CLXXVII.

248 4459 271 4530 2)
289 4478 346 4518 666
363 4464 504 4521 rationem
520 4466 615 4522 habeo
633 4467 774 4524 locorum:
791 4468 813 4539 Ι,
830 4470 856 4536 4,
870 4471 911 4539 17,
929 4469 951 4538 I,
968 4469 994 4540 4,
1010 4471 1053 4540 99,
1071 4470 1093 4540 I,
1110 4470 1136 4540 4,
1154 4471 1196 4540 66,
1214 4467 1438 4539 11,r‚o-10,m

299 4549 402 4618 quibus
421 4553 552 4622 exempla
569 4553 630 4609 6166
649 4553 892 4613 coniunctionibus
910 4557 1061 4614 adduntur.

250 4631 274 4702 3)
294 4635 329 4691 61.
348 4636 454 4696 Dissen
470 4638 488 4695 l.
508 4655 531 4696 c.
549 4657 577 4712 p.
597 4637 775 4698 CLXXVIIL
