<?xml version="1.0" encoding="UTF-8"?>
<!DOCTYPE html PUBLIC "-//W3C//DTD XHTML 1.0 Transitional//EN"
    "http://www.w3.org/TR/xhtml1/DTD/xhtml1-transitional.dtd">
<html xmlns="http://www.w3.org/1999/xhtml" xml:lang="en" lang="en">
 <head>
  <title>
</title>
<meta http-equiv="Content-Type" content="text/html;charset=utf-8" />
  <meta name='ocr-system' content='tesseract 3.04.00' />
  <meta name='ocr-capabilities' content='ocr_page ocr_carea ocr_par ocr_line ocrx_word'/>
</head>
<body>
  <div class='ocr_page' id='page_1' title='image "./detibullilibriq00knapgoog_0020.png"; bbox 0 0 3320 5158; ppageno 0'>
   <div class='ocr_carea' id='block_1_1' title="bbox 748 229 790 296">
    <p class='ocr_par' dir='ltr' id='par_1_1' title="bbox 748 229 790 296">
     <span class='ocr_line' id='line_1_1' title="bbox 748 229 790 296; baseline -0.048 0"><span class='ocrx_word' id='word_1_1' title='bbox 748 229 790 296; x_wconf 82' lang='lat'>15</span> 
     </span>
    </p>
   </div>
   <div class='ocr_carea' id='block_1_2' title="bbox 71 435 1408 1355">
    <p class='ocr_par' dir='ltr' id='par_1_2' title="bbox 121 435 1407 825">
     <span class='ocr_line' id='line_1_2' title="bbox 121 435 1405 530; baseline -0.009 -17"><span class='ocrx_word' id='word_1_2' title='bbox 121 452 191 530; x_wconf 89' lang='lat' dir='ltr'>est,</span> <span class='ocrx_word' id='word_1_3' title='bbox 220 461 325 525; x_wconf 89' lang='lat' dir='ltr'>aeque</span> <span class='ocrx_word' id='word_1_4' title='bbox 350 439 402 508; x_wconf 90' lang='lat' dir='ltr'>hic</span> <span class='ocrx_word' id='word_1_5' title='bbox 427 446 524 523; x_wconf 89' lang='lat' dir='ltr'>atquc</span> <span class='ocrx_word' id='word_1_6' title='bbox 549 439 615 507; x_wconf 90' lang='lat' dir='ltr'>illic</span> <span class='ocrx_word' id='word_1_7' title='bbox 639 439 782 523; x_wconf 81' lang='lat' dir='ltr'>vigorem</span> <span class='ocrx_word' id='word_1_8' title='bbox 809 437 963 506; x_wconf 90' lang='lat' dir='ltr'>sermonis</span> <span class='ocrx_word' id='word_1_9' title='bbox 990 457 1062 505; x_wconf 89' lang='lat' dir='ltr'>esse</span> <span class='ocrx_word' id='word_1_10' title='bbox 1085 441 1237 504; x_wconf 85' lang='lat' dir='ltr'>exortum.</span> <span class='ocrx_word' id='word_1_11' title='bbox 1280 435 1405 520; x_wconf 87' lang='lat' dir='ltr'>Neque,</span> 
     </span>
     <span class='ocr_line' id='line_1_3' title="bbox 124 539 1407 629; baseline -0.01 -12"><span class='ocrx_word' id='word_1_12' title='bbox 124 549 161 618; x_wconf 86' lang='lat' dir='ltr'>si</span> <span class='ocrx_word' id='word_1_13' title='bbox 184 545 373 629; x_wconf 90' lang='lat' dir='ltr'>memineris,</span> <span class='ocrx_word' id='word_1_14' title='bbox 397 544 558 609; x_wconf 83' lang='lat' dir='ltr'>Tibullum</span> <span class='ocrx_word' id='word_1_15' title='bbox 579 549 726 610; x_wconf 89' lang='lat' dir='ltr'>naturam</span> <span class='ocrx_word' id='word_1_16' title='bbox 747 542 860 611; x_wconf 91' lang='lat' dir='ltr'>ducem</span> <span class='ocrx_word' id='word_1_17' title='bbox 880 548 1023 610; x_wconf 90' lang='lat' dir='ltr'>secutum</span> <span class='ocrx_word' id='word_1_18' title='bbox 1044 541 1205 626; x_wconf 81' lang='lat' dir='ltr'>respuisse</span> <span class='ocrx_word' id='word_1_19' title='bbox 1231 539 1407 608; x_wconf 86' lang='lat' dir='ltr'>orationem</span> 
     </span>
     <span class='ocr_line' id='line_1_4' title="bbox 129 643 1407 732; baseline -0.009 -13"><span class='ocrx_word' id='word_1_20' title='bbox 129 650 323 719; x_wconf 67' lang='lat' dir='ltr'>calamistris</span> <span class='ocrx_word' id='word_1_21' title='bbox 345 649 482 732; x_wconf 85' lang='lat' dir='ltr'>inurere,</span> <span class='ocrx_word' id='word_1_22' title='bbox 504 647 681 732; x_wconf 81' lang='lat' dir='ltr'>miraberis,</span> <span class='ocrx_word' id='word_1_23' title='bbox 705 667 778 714; x_wconf 91' lang='lat' dir='ltr'>eum</span> <span class='ocrx_word' id='word_1_24' title='bbox 799 648 860 715; x_wconf 92' lang='lat' dir='ltr'>hac</span> <span class='ocrx_word' id='word_1_25' title='bbox 880 646 914 714; x_wconf 89' lang='lat' dir='ltr'>in</span> <span class='ocrx_word' id='word_1_26' title='bbox 935 667 970 714; x_wconf 90' lang='lat' dir='ltr'>re</span> <span class='ocrx_word' id='word_1_27' title='bbox 995 644 1237 730; x_wconf 75' lang='lat' dir='ltr'>simplicissimis</span> <span class='ocrx_word' id='word_1_28' title='bbox 1262 644 1310 708; x_wconf 88' lang='lat' dir='ltr'>uti</span> <span class='ocrx_word' id='word_1_29' title='bbox 1334 643 1407 710; x_wconf 87' lang='lat' dir='ltr'>sub·</span> 
     </span>
     <span class='ocr_line' id='line_1_5' title="bbox 131 753 1054 825; baseline 0.004 -4"><span class='ocrx_word' id='word_1_30' title='bbox 131 753 234 821; x_wconf 90' lang='lat' dir='ltr'>sidiis.</span> <span class='ocrx_word' id='word_1_31' title='bbox 1052 820 1054 825; x_wconf 87' lang='lat'>.</span> 
     </span>
    </p>

    <p class='ocr_par' dir='ltr' id='par_1_3' title="bbox 71 852 1408 1355">
     <span class='ocr_line' id='line_1_6' title="bbox 258 852 1408 939; baseline -0.004 -17"><span class='ocrx_word' id='word_1_32' title='bbox 258 858 306 922; x_wconf 92' lang='lat' dir='ltr'>Ac</span> <span class='ocrx_word' id='word_1_33' title='bbox 328 854 464 939; x_wconf 90' lang='lat' dir='ltr'>primum</span> <span class='ocrx_word' id='word_1_34' title='bbox 486 853 615 938; x_wconf 89' lang='lat' dir='ltr'>quidem</span> <span class='ocrx_word' id='word_1_35' title='bbox 635 855 804 922; x_wconf 88' lang='lat' dir='ltr'>dicendum</span> <span class='ocrx_word' id='word_1_36' title='bbox 826 874 898 922; x_wconf 90' lang='lat' dir='ltr'>esse</span> <span class='ocrx_word' id='word_1_37' title='bbox 919 852 1046 922; x_wconf 90' lang='lat' dir='ltr'>videtur</span> <span class='ocrx_word' id='word_1_38' title='bbox 1075 852 1115 920; x_wconf 89' lang='lat' dir='ltr'>de</span> <span class='ocrx_word' id='word_1_39' title='bbox 1138 853 1313 937; x_wconf 91' lang='lat' dir='ltr'>anaphora,</span> <span class='ocrx_word' id='word_1_40' title='bbox 1344 869 1408 934; x_wconf 92' lang='lat' dir='ltr'>qua</span> 
     </span>
     <span class='ocr_line' id='line_1_7' title="bbox 127 955 1408 1045; baseline -0.006 -15"><span class='ocrx_word' id='word_1_41' title='bbox 127 961 292 1030; x_wconf 86' lang='lat' dir='ltr'>neminem</span> <span class='ocrx_word' id='word_1_42' title='bbox 313 959 443 1043; x_wconf 90' lang='lat' dir='ltr'>saepius</span> <span class='ocrx_word' id='word_1_43' title='bbox 461 978 553 1026; x_wconf 89' lang='lat' dir='ltr'>usum</span> <span class='ocrx_word' id='word_1_44' title='bbox 574 979 761 1043; x_wconf 89' lang='lat' dir='ltr'>essequam</span> <span class='ocrx_word' id='word_1_45' title='bbox 782 959 942 1024; x_wconf 74' lang='lat' dir='ltr'>Tibullum</span> <span class='ocrx_word' id='word_1_46' title='bbox 963 958 1082 1023; x_wconf 87' lang='lat' dir='ltr'>Dissen</span> <span class='ocrx_word' id='word_1_47' title='bbox 1101 958 1276 1045; x_wconf 89' lang='lat' dir='ltr'>testatur.1)</span> <span class='ocrx_word' id='word_1_48' title='bbox 1316 955 1408 1033; x_wconf 80' lang='lat' dir='ltr'>Quae</span> 
     </span>
     <span class='ocr_line' id='line_1_8' title="bbox 129 1060 1408 1146; baseline -0.005 -13"><span class='ocrx_word' id='word_1_49' title='bbox 129 1085 204 1133; x_wconf 90' lang='lat' dir='ltr'>cum</span> <span class='ocrx_word' id='word_1_50' title='bbox 219 1065 253 1129; x_wconf 93' lang='lat' dir='ltr'>in</span> <span class='ocrx_word' id='word_1_51' title='bbox 267 1061 357 1128; x_wconf 90' lang='lat' dir='ltr'>libris</span> <span class='ocrx_word' id='word_1_52' title='bbox 372 1061 474 1145; x_wconf 88' lang='lat' dir='ltr'>primo</span> <span class='ocrx_word' id='word_1_53' title='bbox 490 1065 639 1129; x_wconf 87' lang='lat' dir='ltr'>etaltera</span> <span class='ocrx_word' id='word_1_54' title='bbox 654 1069 687 1130; x_wconf 90' lang='lat' dir='ltr'>et</span> <span class='ocrx_word' id='word_1_55' title='bbox 702 1063 736 1128; x_wconf 93' lang='lat' dir='ltr'>in</span> <span class='ocrx_word' id='word_1_56' title='bbox 751 1062 962 1130; x_wconf 86' lang='lat' dir='ltr'>divisionibus</span> <span class='ocrx_word' id='word_1_57' title='bbox 978 1067 1011 1128; x_wconf 89' lang='lat' dir='ltr'>et</span> <span class='ocrx_word' id='word_1_58' title='bbox 1029 1060 1063 1126; x_wconf 93' lang='lat' dir='ltr'>in</span> <span class='ocrx_word' id='word_1_59' title='bbox 1078 1060 1323 1146; x_wconf 87' lang='lat' dir='ltr'>repetitionibus</span> <span class='ocrx_word' id='word_1_60' title='bbox 1338 1081 1408 1126; x_wconf 88' lang='lat' dir='ltr'>sen·</span> 
     </span>
     <span class='ocr_line' id='line_1_9' title="bbox 132 1165 1407 1251; baseline -0.004 -17"><span class='ocrx_word' id='word_1_61' title='bbox 132 1166 304 1234; x_wconf 89' lang='lat' dir='ltr'>tentiarum</span> <span class='ocrx_word' id='word_1_62' title='bbox 319 1165 405 1249; x_wconf 92' lang='lat' dir='ltr'>insit,</span> <span class='ocrx_word' id='word_1_63' title='bbox 426 1166 555 1248; x_wconf 90' lang='lat' dir='ltr'>quasin</span> <span class='ocrx_word' id='word_1_64' title='bbox 573 1167 732 1251; x_wconf 88' lang='lat' dir='ltr'>prioribus</span> <span class='ocrx_word' id='word_1_65' title='bbox 751 1165 1074 1251; x_wconf 83' lang='lat' dir='ltr'>commemoravimus,</span> <span class='ocrx_word' id='word_1_66' title='bbox 1091 1167 1159 1233; x_wconf 92' lang='lat' dir='ltr'>iure</span> <span class='ocrx_word' id='word_1_67' title='bbox 1175 1169 1407 1249; x_wconf 80' lang='lat' dir='ltr'>exspectamus,</span> 
     </span>
     <span class='ocr_line' id='line_1_10' title="bbox 71 1267 1406 1355; baseline -0.005 -17"><span class='ocrx_word' id='word_1_68' title='bbox 71 1309 76 1316; x_wconf 94' lang='lat'>·</span> <span class='ocrx_word' id='word_1_69' title='bbox 132 1273 210 1355; x_wconf 85' lang='lat' dir='ltr'>fore,</span> <span class='ocrx_word' id='word_1_70' title='bbox 243 1276 279 1335; x_wconf 90' lang='lat' dir='ltr'>ut</span> <span class='ocrx_word' id='word_1_71' title='bbox 312 1269 535 1338; x_wconf 87' lang='lat' dir='ltr'>similitudines</span> <span class='ocrx_word' id='word_1_72' title='bbox 569 1271 601 1338; x_wconf 93' lang='lat' dir='ltr'>in</span> <span class='ocrx_word' id='word_1_73' title='bbox 635 1271 759 1355; x_wconf 82' lang='lat' dir='ltr'>elegiis,</span> <span class='ocrx_word' id='word_1_74' title='bbox 792 1270 833 1336; x_wconf 91' lang='lat' dir='ltr'>de</span> <span class='ocrx_word' id='word_1_75' title='bbox 871 1269 985 1352; x_wconf 90' lang='lat' dir='ltr'>quibus</span> <span class='ocrx_word' id='word_1_76' title='bbox 1023 1271 1159 1355; x_wconf 80' lang='lat' dir='ltr'>agimus,</span> <span class='ocrx_word' id='word_1_77' title='bbox 1194 1267 1406 1336; x_wconf 90' lang='lat' dir='ltr'>inveniantur.</span> 
     </span>
    </p>
   </div>
   <div class='ocr_carea' id='block_1_3' title="bbox 29 1372 1407 1459">
    <p class='ocr_par' dir='ltr' id='par_1_4' title="bbox 29 1372 1407 1459">
     <span class='ocr_line' id='line_1_11' title="bbox 29 1372 1407 1459; baseline -0.003 -19"><span class='ocrx_word' id='word_1_78' title='bbox 29 1397 35 1408; x_wconf 91' lang='lat'><strong>·</strong></span> <span class='ocrx_word' id='word_1_79' title='bbox 130 1377 249 1456; x_wconf 86' lang='lat' dir='ltr'>Neque</span> <span class='ocrx_word' id='word_1_80' title='bbox 278 1394 336 1457; x_wconf 91' lang='lat' dir='ltr'>spe</span> <span class='ocrx_word' id='word_1_81' title='bbox 365 1373 575 1459; x_wconf 85' lang='lat' dir='ltr'>destituimur,</span> <span class='ocrx_word' id='word_1_82' title='bbox 605 1374 638 1441; x_wconf 95' lang='lat' dir='ltr'>id</span> <span class='ocrx_word' id='word_1_83' title='bbox 668 1374 753 1458; x_wconf 92' lang='lat' dir='ltr'>quod</span> <span class='ocrx_word' id='word_1_84' title='bbox 781 1375 905 1459; x_wconf 85' lang='lat' dir='ltr'>colligis</span> <span class='ocrx_word' id='word_1_85' title='bbox 935 1395 975 1441; x_wconf 84' lang='lat' dir='ltr'>en</span> <span class='ocrx_word' id='word_1_86' title='bbox 997 1375 1046 1440; x_wconf 92' lang='lat' dir='ltr'>his</span> <span class='ocrx_word' id='word_1_87' title='bbox 1071 1375 1163 1441; x_wconf 89' lang='lat' dir='ltr'>locis:</span> <span class='ocrx_word' id='word_1_88' title='bbox 1193 1374 1248 1456; x_wconf 91' lang='lat' dir='ltr'>IV,</span> <span class='ocrx_word' id='word_1_89' title='bbox 1270 1373 1301 1456; x_wconf 98' lang='grc'>2,</span> <span class='ocrx_word' id='word_1_90' title='bbox 1323 1374 1354 1455; x_wconf 83' lang='grc'>5,</span> <span class='ocrx_word' id='word_1_91' title='bbox 1377 1372 1407 1454; x_wconf 85' lang='grc'>7,</span> 
     </span>
    </p>
   </div>
   <div class='ocr_carea' id='block_1_4' title="bbox 129 1476 1408 2289">
    <p class='ocr_par' dir='ltr' id='par_1_5' title="bbox 129 1476 1408 1769">
     <span class='ocr_line' id='line_1_12' title="bbox 131 1476 1407 1565; baseline -0.002 -23"><span class='ocrx_word' id='word_1_92' title='bbox 131 1476 212 1544; x_wconf 88' lang='lat' dir='ltr'>ibid.</span> <span class='ocrx_word' id='word_1_93' title='bbox 237 1482 285 1562; x_wconf 92' lang='lat' dir='ltr'>ll,</span> <span class='ocrx_word' id='word_1_94' title='bbox 310 1479 360 1561; x_wconf 91' lang='grc'>12,</span> <span class='ocrx_word' id='word_1_95' title='bbox 384 1478 438 1561; x_wconf 93' lang='grc' dir='ltr'>Ν,</span> <span class='ocrx_word' id='word_1_96' title='bbox 462 1479 492 1562; x_wconf 87' lang='grc'>3,</span> <span class='ocrx_word' id='word_1_97' title='bbox 516 1480 638 1564; x_wconf 88' lang='grc'>12,13,</span> <span class='ocrx_word' id='word_1_98' title='bbox 662 1479 716 1563; x_wconf 93' lang='grc' dir='ltr'>Ν,</span> <span class='ocrx_word' id='word_1_99' title='bbox 738 1480 770 1564; x_wconf 88' lang='lat'>4,</span> <span class='ocrx_word' id='word_1_100' title='bbox 794 1480 844 1563; x_wconf 87' lang='lat'>13,</span> <span class='ocrx_word' id='word_1_101' title='bbox 867 1478 922 1562; x_wconf 90' lang='lat' dir='ltr'>IV,</span> <span class='ocrx_word' id='word_1_102' title='bbox 945 1480 975 1562; x_wconf 89' lang='lat'>3,</span> <span class='ocrx_word' id='word_1_103' title='bbox 1000 1481 1049 1564; x_wconf 82' lang='lat' dir='ltr'>lb,</span> <span class='ocrx_word' id='word_1_104' title='bbox 1074 1481 1112 1545; x_wconf 84' lang='grc'>17</span> <span class='ocrx_word' id='word_1_105' title='bbox 1137 1479 1215 1565; x_wconf 84' lang='grc'>(19).</span> <span class='ocrx_word' id='word_1_106' title='bbox 1238 1515 1281 1526; x_wconf 93' lang='lat'><em>-</em></span> <span class='ocrx_word' id='word_1_107' title='bbox 1301 1479 1407 1557; x_wconf 88' lang='lat' dir='ltr'>Atque</span> 
     </span>
     <span class='ocr_line' id='line_1_13' title="bbox 132 1579 1408 1666; baseline -0.001 -18"><span class='ocrx_word' id='word_1_108' title='bbox 132 1581 299 1665; x_wconf 83' lang='lat' dir='ltr'>anaphora</span> <span class='ocrx_word' id='word_1_109' title='bbox 323 1580 357 1647; x_wconf 90' lang='lat' dir='ltr'>in</span> <span class='ocrx_word' id='word_1_110' title='bbox 379 1582 626 1666; x_wconf 89' lang='lat' dir='ltr'>amplificatione</span> <span class='ocrx_word' id='word_1_111' title='bbox 652 1581 882 1650; x_wconf 86' lang='lat' dir='ltr'>sententiarum</span> <span class='ocrx_word' id='word_1_112' title='bbox 908 1581 1034 1650; x_wconf 91' lang='lat' dir='ltr'>videtur</span> <span class='ocrx_word' id='word_1_113' title='bbox 1064 1602 1137 1650; x_wconf 89' lang='lat' dir='ltr'>esse</span> <span class='ocrx_word' id='word_1_114' title='bbox 1166 1585 1320 1666; x_wconf 87' lang='lat' dir='ltr'>usurpata</span> <span class='ocrx_word' id='word_1_115' title='bbox 1348 1579 1408 1647; x_wconf 90' lang='lat' dir='ltr'>hoc</span> 
     </span>
     <span class='ocr_line' id='line_1_14' title="bbox 129 1685 421 1769; baseline -0.007 -17"><span class='ocrx_word' id='word_1_116' title='bbox 129 1687 214 1754; x_wconf 84' lang='lat' dir='ltr'>loco:</span> <span class='ocrx_word' id='word_1_117' title='bbox 236 1685 292 1769; x_wconf 88' lang='lat' dir='ltr'>IV,</span> <span class='ocrx_word' id='word_1_118' title='bbox 314 1686 346 1769; x_wconf 91' lang='grc'>4,</span> <span class='ocrx_word' id='word_1_119' title='bbox 369 1686 421 1751; x_wconf 85' lang='grc'>23.</span> 
     </span>
    </p>

    <p class='ocr_par' dir='ltr' id='par_1_6' title="bbox 129 1787 1408 2289">
     <span class='ocr_line' id='line_1_15' title="bbox 262 1787 1408 1875; baseline -0.002 -21"><span class='ocrx_word' id='word_1_120' title='bbox 262 1788 388 1855; x_wconf 89' lang='lat' dir='ltr'>Deinde</span> <span class='ocrx_word' id='word_1_121' title='bbox 400 1787 709 1856; x_wconf 88' lang='lat' dir='ltr'>commemorandum</span> <span class='ocrx_word' id='word_1_122' title='bbox 720 1795 779 1874; x_wconf 89' lang='lat' dir='ltr'>est,</span> <span class='ocrx_word' id='word_1_123' title='bbox 795 1789 957 1856; x_wconf 79' lang='lat' dir='ltr'>Tibullum</span> <span class='ocrx_word' id='word_1_124' title='bbox 968 1811 1098 1875; x_wconf 91' lang='lat' dir='ltr'>operam</span> <span class='ocrx_word' id='word_1_125' title='bbox 1109 1789 1248 1874; x_wconf 87' lang='lat' dir='ltr'>dedisse,</span> <span class='ocrx_word' id='word_1_126' title='bbox 1264 1794 1299 1853; x_wconf 89' lang='lat' dir='ltr'>ut</span> <span class='ocrx_word' id='word_1_127' title='bbox 1315 1787 1408 1854; x_wconf 91' lang='lat' dir='ltr'>alteri</span> 
     </span>
     <span class='ocr_line' id='line_1_16' title="bbox 132 1891 1408 1980; baseline -0.002 -22"><span class='ocrx_word' id='word_1_128' title='bbox 132 1893 314 1958; x_wconf 85' lang='lat' dir='ltr'>sententiae</span> <span class='ocrx_word' id='word_1_129' title='bbox 336 1893 470 1960; x_wconf 86' lang='lat' dir='ltr'>alteram</span> <span class='ocrx_word' id='word_1_130' title='bbox 496 1895 717 1980; x_wconf 78' lang='lat' dir='ltr'>opponeret.²)</span> <span class='ocrx_word' id='word_1_131' title='bbox 765 1893 835 1971; x_wconf 80' lang='lat' dir='ltr'>Quo</span> <span class='ocrx_word' id='word_1_132' title='bbox 857 1894 995 1960; x_wconf 88' lang='lat' dir='ltr'>maxims</span> <span class='ocrx_word' id='word_1_133' title='bbox 1015 1894 1158 1978; x_wconf 89' lang='lat' dir='ltr'>efficitur,</span> <span class='ocrx_word' id='word_1_134' title='bbox 1181 1899 1216 1959; x_wconf 89' lang='lat' dir='ltr'>ut</span> <span class='ocrx_word' id='word_1_135' title='bbox 1237 1892 1329 1977; x_wconf 79' lang='lat' dir='ltr'>vigor</span> <span class='ocrx_word' id='word_1_136' title='bbox 1353 1891 1408 1957; x_wconf 90' lang='lat' dir='ltr'>ille</span> 
     </span>
     <span class='ocr_line' id='line_1_17' title="bbox 129 1995 1408 2081; baseline -0.002 -19"><span class='ocrx_word' id='word_1_137' title='bbox 129 1995 286 2062; x_wconf 88' lang='lat' dir='ltr'>sermonis</span> <span class='ocrx_word' id='word_1_138' title='bbox 301 1995 447 2063; x_wconf 85' lang='lat' dir='ltr'>exsistat.</span> <span class='ocrx_word' id='word_1_139' title='bbox 480 1996 591 2080; x_wconf 86' lang='lat' dir='ltr'>Igitur,</span> <span class='ocrx_word' id='word_1_140' title='bbox 613 1997 642 2064; x_wconf 92' lang='lat' dir='ltr'>si</span> <span class='ocrx_word' id='word_1_141' title='bbox 664 1997 725 2064; x_wconf 87' lang='lat' dir='ltr'>hoo</span> <span class='ocrx_word' id='word_1_142' title='bbox 746 1997 914 2064; x_wconf 82' lang='lat' dir='ltr'>artificium</span> <span class='ocrx_word' id='word_1_143' title='bbox 934 1999 969 2063; x_wconf 93' lang='lat' dir='ltr'>in</span> <span class='ocrx_word' id='word_1_144' title='bbox 990 1999 1095 2080; x_wconf 90' lang='lat' dir='ltr'>quarti</span> <span class='ocrx_word' id='word_1_145' title='bbox 1116 1997 1191 2064; x_wconf 91' lang='lat' dir='ltr'>libri</span> <span class='ocrx_word' id='word_1_146' title='bbox 1211 1997 1322 2081; x_wconf 82' lang='lat' dir='ltr'>elegiis</span> <span class='ocrx_word' id='word_1_147' title='bbox 1344 2016 1408 2062; x_wconf 92' lang='lat' dir='ltr'>non</span> 
     </span>
     <span class='ocr_line' id='line_1_18' title="bbox 129 2098 1407 2185; baseline 0.002 -21"><span class='ocrx_word' id='word_1_148' title='bbox 129 2098 267 2182; x_wconf 89' lang='lat' dir='ltr'>invenis,</span> <span class='ocrx_word' id='word_1_149' title='bbox 290 2121 311 2164; x_wconf 93' lang='lat' dir='ltr'>a</span> <span class='ocrx_word' id='word_1_150' title='bbox 332 2098 459 2166; x_wconf 79' lang='lat' dir='ltr'>Tibullo</span> <span class='ocrx_word' id='word_1_151' title='bbox 482 2100 622 2185; x_wconf 79' lang='lat' dir='ltr'>scriptae</span> <span class='ocrx_word' id='word_1_152' title='bbox 645 2117 802 2168; x_wconf 90' lang='lat' dir='ltr'>essenon</span> <span class='ocrx_word' id='word_1_153' title='bbox 824 2107 967 2185; x_wconf 85' lang='lat' dir='ltr'>possunt.</span> <span class='ocrx_word' id='word_1_154' title='bbox 1015 2099 1081 2168; x_wconf 92' lang='lat' dir='ltr'>Sed</span> <span class='ocrx_word' id='word_1_155' title='bbox 1102 2107 1225 2168; x_wconf 92' lang='lat' dir='ltr'>tantum</span> <span class='ocrx_word' id='word_1_156' title='bbox 1247 2101 1350 2183; x_wconf 89' lang='lat' dir='ltr'>abest,</span> <span class='ocrx_word' id='word_1_157' title='bbox 1372 2105 1407 2166; x_wconf 90' lang='lat' dir='ltr'>ut</span> 
     </span>
     <span class='ocr_line' id='line_1_19' title="bbox 130 2201 1406 2289; baseline 0.004 -25"><span class='ocrx_word' id='word_1_158' title='bbox 130 2221 204 2267; x_wconf 89' lang='lat' dir='ltr'>raro</span> <span class='ocrx_word' id='word_1_159' title='bbox 226 2201 366 2268; x_wconf 89' lang='lat' dir='ltr'>disticha</span> <span class='ocrx_word' id='word_1_160' title='bbox 387 2202 513 2287; x_wconf 84' lang='lat' dir='ltr'>singula</span> <span class='ocrx_word' id='word_1_161' title='bbox 535 2205 586 2271; x_wconf 92' lang='lat' dir='ltr'>vel</span> <span class='ocrx_word' id='word_1_162' title='bbox 609 2204 815 2272; x_wconf 85' lang='lat' dir='ltr'>distichorum</span> <span class='ocrx_word' id='word_1_163' title='bbox 836 2210 945 2289; x_wconf 89' lang='lat' dir='ltr'>partes</span> <span class='ocrx_word' id='word_1_164' title='bbox 967 2205 1136 2272; x_wconf 87' lang='lat' dir='ltr'>sententiis</span> <span class='ocrx_word' id='word_1_165' title='bbox 1158 2203 1313 2289; x_wconf 90' lang='lat' dir='ltr'>oppositis</span> <span class='ocrx_word' id='word_1_166' title='bbox 1336 2223 1406 2271; x_wconf 91' lang='lat' dir='ltr'>oon-</span> 
     </span>
    </p>
   </div>
   <div class='ocr_carea' id='block_1_5' title="bbox 132 2306 1502 2392">
    <p class='ocr_par' dir='ltr' id='par_1_7' title="bbox 132 2306 1502 2392">
     <span class='ocr_line' id='line_1_20' title="bbox 132 2306 1502 2392; baseline 0.002 -22"><span class='ocrx_word' id='word_1_167' title='bbox 132 2309 250 2388; x_wconf 88' lang='lat' dir='ltr'>nectat,</span> <span class='ocrx_word' id='word_1_168' title='bbox 284 2312 318 2370; x_wconf 90' lang='lat' dir='ltr'>ut</span> <span class='ocrx_word' id='word_1_169' title='bbox 346 2306 379 2372; x_wconf 90' lang='lat' dir='ltr'>in</span> <span class='ocrx_word' id='word_1_170' title='bbox 405 2308 544 2374; x_wconf 87' lang='lat' dir='ltr'>carmine</span> <span class='ocrx_word' id='word_1_171' title='bbox 573 2308 667 2375; x_wconf 89' lang='lat' dir='ltr'>tertio</span> <span class='ocrx_word' id='word_1_172' title='bbox 697 2309 784 2376; x_wconf 90' lang='lat' dir='ltr'>nullo</span> <span class='ocrx_word' id='word_1_173' title='bbox 814 2309 874 2376; x_wconf 91' lang='lat' dir='ltr'>nisi</span> <span class='ocrx_word' id='word_1_174' title='bbox 904 2310 964 2376; x_wconf 91' lang='lat' dir='ltr'>hoc</span> <span class='ocrx_word' id='word_1_175' title='bbox 992 2309 1126 2376; x_wconf 84' lang='lat' dir='ltr'>artificio</span> <span class='ocrx_word' id='word_1_176' title='bbox 1155 2308 1334 2392; x_wconf 86' lang='lat' dir='ltr'>transitus,</span> <span class='ocrx_word' id='word_1_177' title='bbox 1352 2307 1406 2389; x_wconf 91' lang='lat' dir='ltr'>qui</span> <span class='ocrx_word' id='word_1_178' title='bbox 1498 2377 1502 2384; x_wconf 70' lang='grc'>,</span> 
     </span>
    </p>
   </div>
   <div class='ocr_carea' id='block_1_6' title="bbox 128 2406 1406 3121">
    <p class='ocr_par' dir='ltr' id='par_1_8' title="bbox 128 2406 1406 3121">
     <span class='ocr_line' id='line_1_21' title="bbox 130 2406 1406 2498; baseline 0.003 -26"><span class='ocrx_word' id='word_1_179' title='bbox 130 2406 256 2492; x_wconf 91' lang='lat' dir='ltr'>dicitur,</span> <span class='ocrx_word' id='word_1_180' title='bbox 278 2409 344 2474; x_wconf 87' lang='lat' dir='ltr'>fiat.</span> <span class='ocrx_word' id='word_1_181' title='bbox 392 2411 510 2496; x_wconf 85' lang='lat' dir='ltr'>,Parce</span> <span class='ocrx_word' id='word_1_182' title='bbox 534 2432 606 2479; x_wconf 91' lang='lat' dir='ltr'>meo</span> <span class='ocrx_word' id='word_1_183' title='bbox 635 2411 753 2497; x_wconf 89' lang='lat' dir='ltr'>iuveni,</span> <span class='ocrx_word' id='word_1_184' title='bbox 783 2433 872 2498; x_wconf 89' lang='lat' dir='ltr'>aper,</span> <span class='ocrx_word' id='word_1_185' title='bbox 894 2412 1083 2480; x_wconf 90' lang='lat' dir='ltr'>incolumem</span> <span class='ocrx_word' id='word_1_186' title='bbox 1107 2412 1184 2478; x_wconf 90' lang='lat' dir='ltr'>mihi</span> <span class='ocrx_word' id='word_1_187' title='bbox 1205 2417 1312 2479; x_wconf 90' lang='lat' dir='ltr'>servet</span> <span class='ocrx_word' id='word_1_188' title='bbox 1334 2431 1406 2477; x_wconf 91' lang='lat' dir='ltr'>eum</span> 
     </span>
     <span class='ocr_line' id='line_1_22' title="bbox 131 2511 1406 2601; baseline 0.008 -28"><span class='ocrx_word' id='word_1_189' title='bbox 131 2511 240 2575; x_wconf 85' lang='lat' dir='ltr'>Amor.</span> <span class='ocrx_word' id='word_1_190' title='bbox 285 2511 349 2577; x_wconf 85' lang='lat' dir='ltr'>Sed</span> <span class='ocrx_word' id='word_1_191' title='bbox 376 2533 488 2596; x_wconf 90' lang='lat' dir='ltr'>preces</span> <span class='ocrx_word' id='word_1_192' title='bbox 516 2536 607 2582; x_wconf 89' lang='lat' dir='ltr'>meae</span> <span class='ocrx_word' id='word_1_193' title='bbox 632 2522 707 2582; x_wconf 88' lang='lat' dir='ltr'>sunt</span> <span class='ocrx_word' id='word_1_194' title='bbox 728 2516 848 2601; x_wconf 91' lang='lat' dir='ltr'>irritae,</span> <span class='ocrx_word' id='word_1_195' title='bbox 874 2537 949 2583; x_wconf 87' lang='lat' dir='ltr'>nam</span> <span class='ocrx_word' id='word_1_196' title='bbox 970 2517 1066 2583; x_wconf 82' lang='lat' dir='ltr'>Delta</span> <span class='ocrx_word' id='word_1_197' title='bbox 1095 2537 1166 2584; x_wconf 93' lang='lat' dir='ltr'>eum</span> <span class='ocrx_word' id='word_1_198' title='bbox 1195 2515 1325 2584; x_wconf 89' lang='lat' dir='ltr'>abducit</span> <span class='ocrx_word' id='word_1_199' title='bbox 1354 2535 1406 2583; x_wconf 87' lang='lat' dir='ltr'>ve-</span> 
     </span>
     <span class='ocr_line' id='line_1_23' title="bbox 131 2611 1405 2707; baseline 0.005 -29"><span class='ocrx_word' id='word_1_200' title='bbox 131 2611 233 2678; x_wconf 91' lang='lat' dir='ltr'>nandi</span> <span class='ocrx_word' id='word_1_201' title='bbox 255 2633 340 2680; x_wconf 90' lang='lat' dir='ltr'>cura.</span> <span class='ocrx_word' id='word_1_202' title='bbox 377 2615 539 2684; x_wconf 87' lang='lat' dir='ltr'>Stultitiae</span> <span class='ocrx_word' id='word_1_203' title='bbox 562 2625 612 2685; x_wconf 89' lang='lat' dir='ltr'>est</span> <span class='ocrx_word' id='word_1_204' title='bbox 634 2627 786 2687; x_wconf 86' lang='lat' dir='ltr'>venatum</span> <span class='ocrx_word' id='word_1_205' title='bbox 807 2621 864 2707; x_wconf 88' lang='lat' dir='ltr'>ire,</span> <span class='ocrx_word' id='word_1_206' title='bbox 887 2621 955 2707; x_wconf 93' lang='lat' dir='ltr'>sed,</span> <span class='ocrx_word' id='word_1_207' title='bbox 978 2621 1007 2688; x_wconf 91' lang='lat' dir='ltr'>si</span> <span class='ocrx_word' id='word_1_208' title='bbox 1029 2627 1133 2689; x_wconf 92' lang='lat' dir='ltr'>tecum</span> <span class='ocrx_word' id='word_1_209' title='bbox 1155 2620 1275 2705; x_wconf 89' lang='lat' dir='ltr'>liceret,</span> <span class='ocrx_word' id='word_1_210' title='bbox 1299 2620 1405 2686; x_wconf 80' lang='lat' dir='ltr'>Cerin-</span> 
     </span>
     <span class='ocr_line' id='line_1_24' title="bbox 128 2716 1404 2809; baseline 0.008 -29"><span class='ocrx_word' id='word_1_211' title='bbox 128 2716 195 2800; x_wconf 87' lang='lat' dir='ltr'>the,</span> <span class='ocrx_word' id='word_1_212' title='bbox 223 2718 345 2802; x_wconf 79' lang='lat' dir='ltr'>vagari,</span> <span class='ocrx_word' id='word_1_213' title='bbox 372 2725 534 2802; x_wconf 91' lang='lat' dir='ltr'>tamquam</span> <span class='ocrx_word' id='word_1_214' title='bbox 567 2742 662 2790; x_wconf 91' lang='lat' dir='ltr'>serva</span> <span class='ocrx_word' id='word_1_215' title='bbox 694 2723 827 2792; x_wconf 90' lang='lat' dir='ltr'>canibus</span> <span class='ocrx_word' id='word_1_216' title='bbox 861 2726 1020 2809; x_wconf 89' lang='lat' dir='ltr'>rebusque</span> <span class='ocrx_word' id='word_1_217' title='bbox 1049 2724 1223 2794; x_wconf 84' lang='lat' dir='ltr'>venatoriis</span> <span class='ocrx_word' id='word_1_218' title='bbox 1252 2744 1404 2808; x_wconf 89' lang='lat' dir='ltr'>praeesse</span> 
     </span>
     <span class='ocr_line' id='line_1_25' title="bbox 130 2819 1404 2914; baseline 0.009 -33"><span class='ocrx_word' id='word_1_219' title='bbox 130 2839 196 2882; x_wconf 92' lang='lat' dir='ltr'>non</span> <span class='ocrx_word' id='word_1_220' title='bbox 226 2819 416 2886; x_wconf 88' lang='lat' dir='ltr'>dubitarem.</span> <span class='ocrx_word' id='word_1_221' title='bbox 463 2824 553 2890; x_wconf 85' lang='lat' dir='ltr'>&#39;Iunc</span> <span class='ocrx_word' id='word_1_222' title='bbox 585 2846 723 2892; x_wconf 88' lang='lat' dir='ltr'>amarem</span> <span class='ocrx_word' id='word_1_223' title='bbox 751 2827 850 2896; x_wconf 91' lang='lat' dir='ltr'>silvas</span> <span class='ocrx_word' id='word_1_224' title='bbox 882 2831 1047 2914; x_wconf 89' lang='lat' dir='ltr'>saltusque</span> <span class='ocrx_word' id='word_1_225' title='bbox 1079 2850 1183 2913; x_wconf 90' lang='lat' dir='ltr'>neque</span> <span class='ocrx_word' id='word_1_226' title='bbox 1214 2847 1404 2913; x_wconf 90' lang='lat' dir='ltr'>recusarem,</span> 
     </span>
     <span class='ocr_line' id='line_1_26' title="bbox 133 2919 1405 3018; baseline 0.011 -34"><span class='ocrx_word' id='word_1_227' title='bbox 133 2919 211 3000; x_wconf 91' lang='lat' dir='ltr'>quin</span> <span class='ocrx_word' id='word_1_228' title='bbox 233 2925 336 2986; x_wconf 87' lang='lat' dir='ltr'>tecum</span> <span class='ocrx_word' id='word_1_229' title='bbox 359 2925 607 2993; x_wconf 90' lang='lat' dir='ltr'>concumberem.</span> <span class='ocrx_word' id='word_1_230' title='bbox 647 2928 712 2996; x_wconf 86' lang='lat' dir='ltr'>Sed</span> <span class='ocrx_word' id='word_1_231' title='bbox 734 2951 816 3000; x_wconf 91' lang='lat' dir='ltr'>nuno</span> <span class='ocrx_word' id='word_1_232' title='bbox 831 2931 901 3001; x_wconf 91' lang='lat' dir='ltr'>sine</span> <span class='ocrx_word' id='word_1_233' title='bbox 922 2953 973 3000; x_wconf 92' lang='lat' dir='ltr'>me</span> <span class='ocrx_word' id='word_1_234' title='bbox 994 2934 1038 3000; x_wconf 89' lang='lat' dir='ltr'>sit</span> <span class='ocrx_word' id='word_1_235' title='bbox 1059 2934 1147 3000; x_wconf 88' lang='lat' dir='ltr'>nulla</span> <span class='ocrx_word' id='word_1_236' title='bbox 1166 2935 1287 3018; x_wconf 81' lang='lat' dir='ltr'>Venus3</span> <span class='ocrx_word' id='word_1_237' title='bbox 1310 2952 1405 3015; x_wconf 90' lang='lat' dir='ltr'>quae-</span> 
     </span>
     <span class='ocr_line' id='line_1_27' title="bbox 128 3027 1404 3121; baseline 0.01 -33"><span class='ocrx_word' id='word_1_238' title='bbox 128 3039 255 3105; x_wconf 87' lang='lat' dir='ltr'>cunque</span> <span class='ocrx_word' id='word_1_239' title='bbox 281 3043 350 3091; x_wconf 89' lang='lat' dir='ltr'>meo</span> <span class='ocrx_word' id='word_1_240' title='bbox 377 3027 477 3093; x_wconf 90' lang='lat' dir='ltr'>amori</span> <span class='ocrx_word' id='word_1_241' title='bbox 502 3029 610 3098; x_wconf 83' lang='lat' dir='ltr'>furtim</span> <span class='ocrx_word' id='word_1_242' title='bbox 635 3035 790 3121; x_wconf 90' lang='lat' dir='ltr'>subrepit,</span> <span class='ocrx_word' id='word_1_243' title='bbox 816 3035 849 3102; x_wconf 94' lang='lat' dir='ltr'>in</span> <span class='ocrx_word' id='word_1_244' title='bbox 876 3057 991 3106; x_wconf 88' lang='lat' dir='ltr'>saevas</span> <span class='ocrx_word' id='word_1_245' title='bbox 1020 3038 1106 3104; x_wconf 86' lang='lat' dir='ltr'>feras</span> <span class='ocrx_word' id='word_1_246' title='bbox 1128 3037 1258 3104; x_wconf 91' lang='lat' dir='ltr'>incidat.</span> <span class='ocrx_word' id='word_1_247' title='bbox 1304 3038 1348 3102; x_wconf 92' lang='lat' dir='ltr'>At</span> <span class='ocrx_word' id='word_1_248' title='bbox 1369 3042 1404 3101; x_wconf 93' lang='lat' dir='ltr'>tu</span> 
     </span>
    </p>
   </div>
   <div class='ocr_carea' id='block_1_7' title="bbox 128 3127 1404 3296">
    <p class='ocr_par' dir='ltr' id='par_1_9' title="bbox 128 3127 1404 3296">
     <span class='ocr_line' id='line_1_28' title="bbox 128 3127 1404 3294; baseline 0.013 -105"><span class='ocrx_word' id='word_1_249' title='bbox 128 3145 223 3206; x_wconf 90' lang='lat' dir='ltr'>quam</span> <span class='ocrx_word' id='word_1_250' title='bbox 247 3127 419 3294; x_wconf 90' lang='lat' dir='ltr'>lcelerrime</span> <span class='ocrx_word' id='word_1_251' title='bbox 451 3131 485 3199; x_wconf 91' lang='lat' dir='ltr'>in</span> <span class='ocrx_word' id='word_1_252' title='bbox 513 3133 602 3202; x_wconf 90' lang='lat' dir='ltr'>sinus</span> <span class='ocrx_word' id='word_1_253' title='bbox 632 3144 758 3206; x_wconf 89' lang='lat' dir='ltr'>nostros</span> <span class='ocrx_word' id='word_1_254' title='bbox 787 3160 931 3209; x_wconf 87' lang='lat' dir='ltr'>recurras</span> <span class='ocrx_word' id='word_1_255' title='bbox 965 3145 1115 3226; x_wconf 83' lang='lat' dir='ltr'>quaeso.“</span> <span class='ocrx_word' id='word_1_256' title='bbox 1171 3143 1404 3208; x_wconf 85' lang='lat' dir='ltr'>Enumerantur</span> 
     </span>
     <span class='ocr_line' id='line_1_29' title="bbox 130 3227 322 3296; baseline 0.021 -4"><span class='ocrx_word' id='word_1_257' title='bbox 130 3227 226 3294; x_wconf 88' lang='lat' dir='ltr'>ceteri</span> <span class='ocrx_word' id='word_1_258' title='bbox 261 3231 322 3296; x_wconf 87' lang='lat' dir='ltr'>oei:</span> 
     </span>
    </p>
   </div>
   <div class='ocr_carea' id='block_1_8' title="bbox 122 3336 1244 4276">
    <p class='ocr_par' dir='ltr' id='par_1_10' title="bbox 196 3336 1019 3418">
     <span class='ocr_line' id='line_1_30' title="bbox 196 3336 1019 3418; baseline 0.019 -28"><span class='ocrx_word' id='word_1_259' title='bbox 196 3339 224 3396; x_wconf 79' lang='lat'>2,</span> <span class='ocrx_word' id='word_1_260' title='bbox 241 3336 273 3391; x_wconf 81' lang='lat'>3:</span> <span class='ocrx_word' id='word_1_261' title='bbox 291 3336 355 3392; x_wconf 89' lang='lat' dir='ltr'>Hoc</span> <span class='ocrx_word' id='word_1_262' title='bbox 370 3337 467 3395; x_wconf 83' lang='lat' dir='ltr'>Venus</span> <span class='ocrx_word' id='word_1_263' title='bbox 485 3341 631 3410; x_wconf 75' lang='lat' dir='ltr'>ignoscetr</span> <span class='ocrx_word' id='word_1_264' title='bbox 649 3349 680 3400; x_wconf 85' lang='lat' dir='ltr'>at</span> <span class='ocrx_word' id='word_1_265' title='bbox 697 3350 737 3416; x_wconf 92' lang='lat' dir='ltr'>tu,</span> <span class='ocrx_word' id='word_1_266' title='bbox 754 3347 890 3418; x_wconf 89' lang='lat' dir='ltr'>violente,</span> <span class='ocrx_word' id='word_1_267' title='bbox 908 3353 1019 3406; x_wconf 87' lang='lat' dir='ltr'>caveto.</span> 
     </span>
    </p>

    <p class='ocr_par' dir='ltr' id='par_1_11' title="bbox 196 3425 1210 3760">
     <span class='ocr_line' id='line_1_31' title="bbox 196 3425 1200 3508; baseline 0.016 -31"><span class='ocrx_word' id='word_1_268' title='bbox 196 3428 221 3486; x_wconf 79' lang='lat'>4,</span> <span class='ocrx_word' id='word_1_269' title='bbox 239 3425 283 3489; x_wconf 88' lang='grc'>21,</span> <span class='ocrx_word' id='word_1_270' title='bbox 300 3426 423 3485; x_wconf 61' lang='lat' dir='ltr'>tta-47,</span> <span class='ocrx_word' id='word_1_271' title='bbox 443 3428 487 3482; x_wconf 87' lang='lat'>18:</span> <span class='ocrx_word' id='word_1_272' title='bbox 505 3428 552 3484; x_wconf 85' lang='lat' dir='ltr'>Nil</span> <span class='ocrx_word' id='word_1_273' title='bbox 570 3444 643 3500; x_wconf 87' lang='lat' dir='ltr'>opus</span> <span class='ocrx_word' id='word_1_274' title='bbox 662 3440 708 3490; x_wconf 88' lang='lat' dir='ltr'>est</span> <span class='ocrx_word' id='word_1_275' title='bbox 723 3434 807 3490; x_wconf 85' lang='lat' dir='ltr'>fletu:</span> <span class='ocrx_word' id='word_1_276' title='bbox 824 3435 947 3492; x_wconf 83' lang='lat' dir='ltr'>lacrimis</span> <span class='ocrx_word' id='word_1_277' title='bbox 965 3437 1022 3494; x_wconf 88' lang='lat' dir='ltr'>erit</span> <span class='ocrx_word' id='word_1_278' title='bbox 1039 3437 1133 3508; x_wconf 86' lang='lat' dir='ltr'>aptius</span> <span class='ocrx_word' id='word_1_279' title='bbox 1151 3438 1200 3507; x_wconf 91' lang='lat' dir='ltr'>uti,</span> 
     </span>
     <span class='ocr_line' id='line_1_32' title="bbox 237 3511 1210 3586; baseline 0.018 -19"><span class='ocrx_word' id='word_1_280' title='bbox 237 3512 267 3568; x_wconf 88' lang='lat' dir='ltr'>Si</span> <span class='ocrx_word' id='word_1_281' title='bbox 284 3515 392 3586; x_wconf 81' lang='lat' dir='ltr'>quoodo</span> <span class='ocrx_word' id='word_1_282' title='bbox 410 3511 497 3570; x_wconf 82' lang='lat' dir='ltr'>fuerit</span> <span class='ocrx_word' id='word_1_283' title='bbox 514 3516 626 3573; x_wconf 89' lang='lat' dir='ltr'>tristior</span> <span class='ocrx_word' id='word_1_284' title='bbox 642 3519 693 3576; x_wconf 90' lang='lat' dir='ltr'>ilta</span> <span class='ocrx_word' id='word_1_285' title='bbox 709 3521 771 3576; x_wconf 89' lang='lat' dir='ltr'>tibi.</span> <span class='ocrx_word' id='word_1_286' title='bbox 1208 3519 1210 3524; x_wconf 72' lang='grc'><strong>’</strong></span> 
     </span>
     <span class='ocr_line' id='line_1_33' title="bbox 236 3602 963 3668; baseline 0.014 -12"><span class='ocrx_word' id='word_1_287' title='bbox 236 3602 277 3657; x_wconf 79' lang='lat' dir='ltr'>ht</span> <span class='ocrx_word' id='word_1_288' title='bbox 293 3621 366 3660; x_wconf 73' lang='lat' dir='ltr'>arare</span> <span class='ocrx_word' id='word_1_289' title='bbox 384 3607 447 3659; x_wconf 91' lang='lat' dir='ltr'>tota</span> <span class='ocrx_word' id='word_1_290' title='bbox 464 3607 550 3666; x_wconf 76' lang='lat' dir='ltr'>tuast,</span> <span class='ocrx_word' id='word_1_291' title='bbox 569 3608 599 3661; x_wconf 87' lang='lat' dir='ltr'>te</span> <span class='ocrx_word' id='word_1_292' title='bbox 618 3606 709 3664; x_wconf 91' lang='lat' dir='ltr'>solum</span> <span class='ocrx_word' id='word_1_293' title='bbox 728 3610 850 3666; x_wconf 88' lang='lat' dir='ltr'>eandida</span> <span class='ocrx_word' id='word_1_294' title='bbox 867 3627 963 3668; x_wconf 87' lang='lat' dir='ltr'>secum</span> 
     </span>
     <span class='ocr_line' id='line_1_34' title="bbox 238 3689 880 3760; baseline 0.017 -18"><span class='ocrx_word' id='word_1_295' title='bbox 238 3689 358 3760; x_wconf 78' lang='lat' dir='ltr'>CogItat,</span> <span class='ocrx_word' id='word_1_296' title='bbox 377 3694 406 3746; x_wconf 88' lang='lat' dir='ltr'>et</span> <span class='ocrx_word' id='word_1_297' title='bbox 423 3690 531 3746; x_wconf 87' lang='lat' dir='ltr'>frustra</span> <span class='ocrx_word' id='word_1_298' title='bbox 549 3693 667 3748; x_wconf 88' lang='lat' dir='ltr'>credula</span> <span class='ocrx_word' id='word_1_299' title='bbox 684 3697 770 3751; x_wconf 90' lang='lat' dir='ltr'>turba</span> <span class='ocrx_word' id='word_1_300' title='bbox 787 3697 880 3753; x_wconf 88' lang='lat' dir='ltr'>sedet.</span> 
     </span>
    </p>

    <p class='ocr_par' dir='ltr' id='par_1_12' title="bbox 192 3775 1244 3938">
     <span class='ocr_line' id='line_1_35' title="bbox 192 3775 1244 3859; baseline 0.012 -27"><span class='ocrx_word' id='word_1_301' title='bbox 192 3782 220 3837; x_wconf 83' lang='lat'>5,</span> <span class='ocrx_word' id='word_1_302' title='bbox 238 3779 263 3846; x_wconf 89' lang='grc'>9,</span> <span class='ocrx_word' id='word_1_303' title='bbox 282 3779 399 3844; x_wconf 91' lang='grc'>10-11,</span> <span class='ocrx_word' id='word_1_304' title='bbox 417 3778 463 3832; x_wconf 82' lang='grc'>12;</span> <span class='ocrx_word' id='word_1_305' title='bbox 481 3777 583 3846; x_wconf 80' lang='lat' dir='ltr'>Magne</span> <span class='ocrx_word' id='word_1_306' title='bbox 602 3779 682 3849; x_wconf 82' lang='lat' dir='ltr'>Geni,</span> <span class='ocrx_word' id='word_1_307' title='bbox 701 3797 772 3853; x_wconf 88' lang='lat' dir='ltr'>cape</span> <span class='ocrx_word' id='word_1_308' title='bbox 790 3788 855 3839; x_wconf 90' lang='lat' dir='ltr'>tura</span> <span class='ocrx_word' id='word_1_309' title='bbox 872 3785 965 3843; x_wconf 89' lang='lat' dir='ltr'>libens</span> <span class='ocrx_word' id='word_1_310' title='bbox 984 3787 1118 3857; x_wconf 79' lang='lat' dir='ltr'>votIsqne</span> <span class='ocrx_word' id='word_1_311' title='bbox 1133 3775 1244 3859; x_wconf 47' lang='lat' dir='ltr'>&#39;faveto</span> 
     </span>
     <span class='ocr_line' id='line_1_36' title="bbox 237 3861 871 3938; baseline 0.017 -22"><span class='ocrx_word' id='word_1_312' title='bbox 237 3861 266 3917; x_wconf 87' lang='lat' dir='ltr'>Si</span> <span class='ocrx_word' id='word_1_313' title='bbox 284 3864 377 3932; x_wconf 91' lang='lat' dir='ltr'>modo,</span> <span class='ocrx_word' id='word_1_314' title='bbox 395 3879 457 3918; x_wconf 90' lang='lat' dir='ltr'>cum</span> <span class='ocrx_word' id='word_1_315' title='bbox 474 3865 507 3922; x_wconf 77' lang='lat' dir='ltr'>de</span> <span class='ocrx_word' id='word_1_316' title='bbox 524 3884 566 3922; x_wconf 79' lang='lat' dir='ltr'>ase</span> <span class='ocrx_word' id='word_1_317' title='bbox 585 3867 702 3938; x_wconf 84' lang='lat' dir='ltr'>cogitat,</span> <span class='ocrx_word' id='word_1_318' title='bbox 720 3870 769 3926; x_wconf 89' lang='lat' dir='ltr'>ille</span> <span class='ocrx_word' id='word_1_319' title='bbox 787 3872 871 3927; x_wconf 90' lang='lat' dir='ltr'>calet.</span> 
     </span>
    </p>

    <p class='ocr_par' dir='ltr' id='par_1_13' title="bbox 122 3947 1173 4276">
     <span class='ocr_line' id='line_1_37' title="bbox 235 3947 988 4031; baseline 0.019 -28"><span class='ocrx_word' id='word_1_320' title='bbox 235 3947 318 4014; x_wconf 79' lang='lat' dir='ltr'>Quod</span> <span class='ocrx_word' id='word_1_321' title='bbox 335 3949 360 4003; x_wconf 92' lang='lat' dir='ltr'>si</span> <span class='ocrx_word' id='word_1_322' title='bbox 377 3948 453 4007; x_wconf 81' lang='lat' dir='ltr'>forte</span> <span class='ocrx_word' id='word_1_323' title='bbox 470 3955 545 4012; x_wconf 77' lang='lat' dir='ltr'>altos</span> <span class='ocrx_word' id='word_1_324' title='bbox 561 3955 618 4010; x_wconf 90' lang='lat' dir='ltr'>iam</span> <span class='ocrx_word' id='word_1_325' title='bbox 634 3970 708 4010; x_wconf 89' lang='lat' dir='ltr'>nunc</span> <span class='ocrx_word' id='word_1_326' title='bbox 725 3959 852 4029; x_wconf 85' lang='lat' dir='ltr'>suspirat</span> <span class='ocrx_word' id='word_1_327' title='bbox 868 3974 988 4031; x_wconf 87' lang='lat' dir='ltr'>amores,</span> 
     </span>
     <span class='ocr_line' id='line_1_38' title="bbox 234 4035 946 4116; baseline 0.022 -28"><span class='ocrx_word' id='word_1_328' title='bbox 234 4035 315 4090; x_wconf 85' lang='lat' dir='ltr'>Tunc</span> <span class='ocrx_word' id='word_1_329' title='bbox 332 4050 437 4106; x_wconf 82' lang='lat' dir='ltr'>precor</span> <span class='ocrx_word' id='word_1_330' title='bbox 454 4038 566 4110; x_wconf 86' lang='lat' dir='ltr'>infidos,</span> <span class='ocrx_word' id='word_1_331' title='bbox 584 4047 692 4113; x_wconf 88' lang='lat' dir='ltr'>sancte,</span> <span class='ocrx_word' id='word_1_332' title='bbox 709 4044 838 4116; x_wconf 86' lang='lat' dir='ltr'>relinque</span> <span class='ocrx_word' id='word_1_333' title='bbox 855 4046 946 4104; x_wconf 82' lang='lat' dir='ltr'>focos.</span> 
     </span>
     <span class='ocr_line' id='line_1_39' title="bbox 168 4123 1173 4210; baseline 0.018 -33"><span class='ocrx_word' id='word_1_334' title='bbox 168 4126 216 4190; x_wconf 82' lang='grc'>,5,</span> <span class='ocrx_word' id='word_1_335' title='bbox 236 4123 276 4192; x_wconf 86' lang='grc'>13,</span> <span class='ocrx_word' id='word_1_336' title='bbox 295 4124 335 4178; x_wconf 88' lang='grc'>14.</span> <span class='ocrx_word' id='word_1_337' title='bbox 355 4153 388 4162; x_wconf 97' lang='grc'>-</span> <span class='ocrx_word' id='word_1_338' title='bbox 406 4127 433 4190; x_wconf 98' lang='grc'>5,</span> <span class='ocrx_word' id='word_1_339' title='bbox 452 4126 493 4195; x_wconf 87' lang='grc'>17,</span> <span class='ocrx_word' id='word_1_340' title='bbox 512 4129 629 4192; x_wconf 86' lang='grc'>18-19,</span> <span class='ocrx_word' id='word_1_341' title='bbox 648 4132 690 4185; x_wconf 86' lang='grc'>20.</span> <span class='ocrx_word' id='word_1_342' title='bbox 707 4161 741 4172; x_wconf 91' lang='grc'>-</span> <span class='ocrx_word' id='word_1_343' title='bbox 758 4137 784 4200; x_wconf 88' lang='grc'>6,</span> <span class='ocrx_word' id='word_1_344' title='bbox 801 4135 826 4205; x_wconf 91' lang='grc'>5,</span> <span class='ocrx_word' id='word_1_345' title='bbox 844 4138 874 4206; x_wconf 77' lang='lat'>63</span> <span class='ocrx_word' id='word_1_346' title='bbox 892 4140 917 4204; x_wconf 93' lang='grc'>6,</span> <span class='ocrx_word' id='word_1_347' title='bbox 937 4139 962 4206; x_wconf 87' lang='grc'>7,</span> <span class='ocrx_word' id='word_1_348' title='bbox 980 4138 1010 4208; x_wconf 67' lang='grc'>8,</span> <span class='ocrx_word' id='word_1_349' title='bbox 1027 4144 1053 4207; x_wconf 91' lang='grc'>6,</span> <span class='ocrx_word' id='word_1_350' title='bbox 1074 4141 1114 4210; x_wconf 88' lang='grc'>15,</span> <span class='ocrx_word' id='word_1_351' title='bbox 1134 4142 1173 4194; x_wconf 89' lang='grc'>16.</span> 
     </span>
     <span class='ocr_line' id='line_1_40' title="bbox 122 4209 1139 4276; baseline 0.015 -2"><span class='ocrx_word' id='word_1_352' title='bbox 122 4211 213 4276; x_wconf 86' lang='lat' dir='ltr'>Haec</span> <span class='ocrx_word' id='word_1_353' title='bbox 233 4209 401 4276; x_wconf 85' lang='lat' dir='ltr'>hactenus.</span> <span class='ocrx_word' id='word_1_354' title='bbox 1137 4257 1139 4264; x_wconf 69' lang='lat'>,</span> 
     </span>
    </p>
   </div>
   <div class='ocr_carea' id='block_1_9' title="bbox 126 4311 1397 4518">
    <p class='ocr_par' dir='ltr' id='par_1_14' title="bbox 126 4311 1397 4518">
     <span class='ocr_line' id='line_1_41' title="bbox 249 4311 1396 4413; baseline 0.013 -35"><span class='ocrx_word' id='word_1_355' title='bbox 249 4311 400 4395; x_wconf 86' lang='lat' dir='ltr'>Sequitur</span> <span class='ocrx_word' id='word_1_356' title='bbox 433 4336 519 4401; x_wconf 92' lang='lat' dir='ltr'>vero,</span> <span class='ocrx_word' id='word_1_357' title='bbox 553 4322 589 4383; x_wconf 92' lang='lat' dir='ltr'>ut</span> <span class='ocrx_word' id='word_1_358' title='bbox 621 4317 755 4406; x_wconf 89' lang='lat' dir='ltr'>dicatur,</span> <span class='ocrx_word' id='word_1_359' title='bbox 787 4343 869 4407; x_wconf 90' lang='lat' dir='ltr'>quae</span> <span class='ocrx_word' id='word_1_360' title='bbox 903 4329 1071 4396; x_wconf 88' lang='lat' dir='ltr'>annotavit</span> <span class='ocrx_word' id='word_1_361' title='bbox 1100 4329 1219 4395; x_wconf 90' lang='lat' dir='ltr'>Dissen</span> <span class='ocrx_word' id='word_1_362' title='bbox 1248 4330 1282 4413; x_wconf 88' lang='lat' dir='ltr'>(l.</span> <span class='ocrx_word' id='word_1_363' title='bbox 1309 4351 1334 4395; x_wconf 89' lang='lat' dir='ltr'>o.</span> <span class='ocrx_word' id='word_1_364' title='bbox 1366 4351 1396 4413; x_wconf 92' lang='lat' dir='ltr'>p.</span> 
     </span>
     <span class='ocr_line' id='line_1_42' title="bbox 126 4415 1397 4518; baseline 0.016 -38"><span class='ocrx_word' id='word_1_365' title='bbox 126 4415 296 4504; x_wconf 78' lang='lat' dir='ltr'>CXLVIII)</span> <span class='ocrx_word' id='word_1_366' title='bbox 327 4415 368 4483; x_wconf 94' lang='lat' dir='ltr'>de</span> <span class='ocrx_word' id='word_1_367' title='bbox 397 4421 605 4506; x_wconf 90' lang='lat' dir='ltr'>apostropha,</span> <span class='ocrx_word' id='word_1_368' title='bbox 634 4444 699 4490; x_wconf 91' lang='lat' dir='ltr'>non</span> <span class='ocrx_word' id='word_1_369' title='bbox 728 4425 843 4494; x_wconf 89' lang='lat' dir='ltr'>cadere</span> <span class='ocrx_word' id='word_1_370' title='bbox 871 4429 905 4495; x_wconf 91' lang='lat' dir='ltr'>in</span> <span class='ocrx_word' id='word_1_371' title='bbox 934 4431 1056 4518; x_wconf 80' lang='lat' dir='ltr'>elegias</span> <span class='ocrx_word' id='word_1_372' title='bbox 1084 4433 1158 4499; x_wconf 92' lang='lat' dir='ltr'>libri</span> <span class='ocrx_word' id='word_1_373' title='bbox 1189 4432 1292 4516; x_wconf 88' lang='lat' dir='ltr'>quarti</span> <span class='ocrx_word' id='word_1_374' title='bbox 1322 4455 1397 4500; x_wconf 92' lang='lat' dir='ltr'>non-</span> 
     </span>
    </p>
   </div>
   <div class='ocr_carea' id='block_1_10' title="bbox 201 4606 1136 4780">
    <p class='ocr_par' dir='ltr' id='par_1_15' title="bbox 201 4606 1136 4780">
     <span class='ocr_line' id='line_1_43' title="bbox 206 4606 627 4684; baseline 0.017 -25"><span class='ocrx_word' id='word_1_375' title='bbox 206 4606 228 4672; x_wconf 85' lang='grc' dir='ltr'>ι)</span> <span class='ocrx_word' id='word_1_376' title='bbox 247 4606 282 4660; x_wconf 89' lang='lat' dir='ltr'>cf.</span> <span class='ocrx_word' id='word_1_377' title='bbox 299 4607 413 4679; x_wconf 86' lang='lat' dir='ltr'>Dissen,</span> <span class='ocrx_word' id='word_1_378' title='bbox 431 4610 449 4664; x_wconf 94' lang='lat' dir='ltr'>l.</span> <span class='ocrx_word' id='word_1_379' title='bbox 470 4626 493 4666; x_wconf 93' lang='lat' dir='ltr'>c.</span> <span class='ocrx_word' id='word_1_380' title='bbox 512 4630 540 4684; x_wconf 88' lang='lat' dir='ltr'>p.</span> <span class='ocrx_word' id='word_1_381' title='bbox 559 4611 627 4668; x_wconf 80' lang='lat' dir='ltr'>CLI.</span> 
     </span>
     <span class='ocr_line' id='line_1_44' title="bbox 201 4688 1136 4780; baseline 0.02 -35"><span class='ocrx_word' id='word_1_382' title='bbox 201 4688 225 4761; x_wconf 79' lang='lat'>²)</span> <span class='ocrx_word' id='word_1_383' title='bbox 244 4690 279 4746; x_wconf 82' lang='lat' dir='ltr'>el.</span> <span class='ocrx_word' id='word_1_384' title='bbox 296 4691 410 4764; x_wconf 87' lang='lat' dir='ltr'>Dissen,</span> <span class='ocrx_word' id='word_1_385' title='bbox 428 4696 446 4750; x_wconf 94' lang='lat' dir='ltr'>l.</span> <span class='ocrx_word' id='word_1_386' title='bbox 466 4712 490 4752; x_wconf 92' lang='lat' dir='ltr'>c.</span> <span class='ocrx_word' id='word_1_387' title='bbox 507 4715 535 4768; x_wconf 85' lang='lat' dir='ltr'>p.</span> <span class='ocrx_word' id='word_1_388' title='bbox 554 4698 693 4756; x_wconf 77' lang='lat' dir='ltr'>CXXXIII</span> <span class='ocrx_word' id='word_1_389' title='bbox 710 4731 746 4744; x_wconf 90' lang='lat'>-</span> <span class='ocrx_word' id='word_1_390' title='bbox 762 4703 948 4778; x_wconf 79' lang='lat' dir='ltr'>Boltnenthal‚</span> <span class='ocrx_word' id='word_1_391' title='bbox 967 4709 985 4764; x_wconf 93' lang='lat' dir='ltr'>l.</span> <span class='ocrx_word' id='word_1_392' title='bbox 1005 4725 1027 4764; x_wconf 83' lang='lat' dir='ltr'>a</span> <span class='ocrx_word' id='word_1_393' title='bbox 1047 4727 1075 4780; x_wconf 74' lang='lat' dir='ltr'>p.</span> <span class='ocrx_word' id='word_1_394' title='bbox 1094 4712 1136 4768; x_wconf 79' lang='lat'>13.</span> 
     </span>
    </p>
   </div>
   <div class='ocr_carea' id='block_1_11' title="bbox 0 0 1664 5158">
    <p class='ocr_par' dir='ltr' id='par_1_16' title="bbox 0 0 1664 5158">
     <span class='ocr_line' id='line_1_45' title="bbox 0 0 1664 5158; baseline 0 0"><span class='ocrx_word' id='word_1_395' title='bbox 0 0 1664 5158; x_wconf 95' lang='lat' dir='ltr'> </span> 
     </span>
    </p>
   </div>
  </div>
 </body>
</html>
