3320 5158
743 221 786 288 30

128 422 321 498 tentaterit
347 426 525 509 utriusque,
556 434 681 496 tantum
710 429 813 512 abest,
844 434 879 494 ut
906 428 1046 512 elegidia
1066 429 1142 496 libri
1164 430 1208 494 IV
1231 453 1251 498 a
1273 430 1401 498 maudo

127 550 190 597 uon
221 549 293 600 esse
321 531 464 613 profecta
495 532 602 616 colligi
631 532 743 617 possit,
777 539 812 597 ut
841 552 911 598 oum
941 533 1053 616 elegiis
1084 533 1236 600 librorum
1265 535 1277 600 l
1310 543 1342 602 et
1370 536 1401 600 ΙΙ

126 653 256 716 prorsus
279 641 465 718 congruant.

255 739 304 804 lle
328 739 384 805 illa
405 745 530 806 tantum
552 740 697 824 formula,
728 759 810 823 quae
833 741 880 808 sio
902 747 952 807 est
973 747 1169 826 comparata,
1192 747 1227 806 ut
1250 747 1284 809 et
1305 743 1401 808 hexa-

127 848 226 912 meter
248 848 280 908 et
303 849 503 926 pentameter
531 850 678 910 constent
710 865 749 910 ex
779 845 875 911 meris
907 845 1076 929 spondeis,
1099 845 1278 912 accuratius
1302 846 1401 914 disse-

127 947 260 1014 rendum
279 951 367 1034 estl)
412 949 520 1030 Atque
539 969 632 1030 quum
652 949 686 1015 in
705 949 787 1015 libro
808 951 823 1012 l
844 950 983 1031 quinque
1008 949 1164 1017 eiusmodi
1186 950 1334 1032 legantur
1355 949 1401 1016 di-

126 1050 239 1134 sticha,
254 1051 345 1118 libris
362 1053 462 1118 altero
480 1073 584 1136 unum,
609 1059 721 1135 quarto
744 1052 807 1119 tria
822 1053 960 1120 disticha
975 1053 1227 1136 bolospcndiaca
1246 1054 1401 1136 praeben·

126 1153 212 1220 tibus
234 1156 345 1242 (ivm,
358 1159 387 1241 9,
402 1159 455 1240 103
484 1159 515 1241 4,
528 1159 579 1240 25,
592 1159 648 1241 26,
672 1159 700 1240 7,
713 1159 744 1240 5,
756 1159 799 1240 6),
819 1157 950 1224 miretur
972 1157 1088 1239 aliquis
1111 1177 1274 1225 numerum
1297 1177 1401 1232 enem-

126 1258 251 1341 plorum
264 1260 359 1326 buius
379 1260 561 1344 schematis,
586 1261 640 1343 qui
662 1260 823 1328 invenitur
844 1261 877 1325 in
900 1261 1057 1346 elegidiis,
1080 1261 1123 1328 de
1145 1261 1259 1343 quibus
1283 1261 1400 1344 agitur.

125 1363 190 1430 Sed
211 1363 239 1428 si
266 1363 444 1431 accuratius
467 1365 615 1449 exempla
637 1365 693 1430 illa
716 1385 734 1430 e
756 1364 838 1430 libro
861 1365 877 1429 l
899 1371 1026 1448 sumpta
1049 1364 1292 1453 examinaveris,
1317 1385 1399 1446 quae

126 1467 254 1549 quidem
268 1468 352 1536 inter
371 1469 514 1553 singulas
531 1469 652 1552 elegias
668 1469 715 1535 ita
730 1469 835 1536 divisa
850 1476 933 1553 sunt,
950 1475 984 1535 ut
1000 1469 1042 1536 ad
1059 1469 1161 1536 solam
1177 1475 1322 1550 quartam
1337 1469 1401 1536 tria

125 1573 190 1659 (35,
201 1573 253 1656 43,
266 1573 331 1660 67),
354 1572 481 1657 singula
502 1573 545 1640 ad
565 1573 735 1656 septimam
757 1579 790 1639 et
812 1579 958 1641 octavam
986 1573 1183 1657 pertineant,
1213 1573 1246 1638 in
1275 1577 1399 1656 septem

123 1681 230 1742 autem
247 1676 376 1759 reliquis
399 1677 510 1761 elegiis
529 1678 651 1744 nullum
672 1676 764 1744 buius
787 1677 914 1761 generis
937 1678 1117 1762 exemplum
1139 1677 1195 1760 sit,
1217 1697 1257 1742 ea
1279 1697 1343 1742 non
1365 1677 1400 1744 in

123 1782 238 1864 podtae
268 1781 466 1866 negligentia
488 1782 595 1866 posita
625 1803 698 1850 esse
728 1781 908 1866 intelliges,
938 1783 1050 1866 immo,
1081 1782 1130 1848 his
1161 1780 1239 1848 locis
1269 1781 1399 1850 schema

123 1885 203 1952 illud
225 1885 392 1953 arcessivit
412 1888 519 1970 potita.
564 1888 708 1971 Apparet
731 1887 828 1970 enim,
859 1886 919 1953 boc
947 1907 1078 1952 numero
1107 1886 1200 1969 gravi
1229 1886 1399 1952 verborum

123 2009 253 2056 sensum
285 1989 389 2058 iuvari
416 1997 449 2056 et
482 1991 602 2074 augeri.
649 1993 755 2074 Atque
788 1991 822 2057 in
852 1991 1084 2058 exclamatione
1114 1995 1286 2074 usurpatur
1318 1991 1399 2059 haee

123 2094 224 2160 forma
250 2094 275 2179 Ι,
288 2095 318 2178 4,
331 2095 373 2160 35
395 2100 428 2160 et
449 2094 489 2178 Π,
505 2096 535 2178 3,
549 2097 615 2179 99,
635 2115 697 2178 quo
721 2096 766 2180 fit,
799 2100 834 2161 ut
857 2095 1107 2162 exclamationes
1140 2095 1216 2162 illae
1249 2094 1398 2177 graviore

123 2218 202 2266 sono
224 2198 478 2281 pronuntientur.
533 2199 660 2266 Deinde
683 2201 707 2284 l,
719 2201 750 2284 4,
762 2201 806 2266 43
827 2205 1052 2284 tempestatem
1079 2198 1235 2283 paulatim
1257 2198 1397 2270 coorien-

123 2308 187 2368 tem
208 2302 360 2386 spondeis
384 2303 504 2386 optime
530 2303 739 2370 adumbrasse
760 2305 858 2388 poeta
884 2303 1021 2371 videtur.
1061 2305 1180 2388 1,4,‚et
1202 2303 1295 2386 gravi
1317 2323 1395 2386 pon-

122 2405 200 2473 dere
228 2407 380 2490 spondeis
409 2406 524 2490 positis
553 2408 716 2474 sententia
742 2408 902 2493 prioribus
932 2407 1097 2475 contraria
1119 2406 1275 2492 profertur
1296 2411 1394 2488 atque

120 2531 254 2597 poenae,
278 2511 393 2594 quibus
420 2511 576 2578 afficietur
605 2511 670 2596 ille,
695 2512 748 2594 qui
770 2533 911 2580 amorem
941 2511 1133 2596 vendiderit,
1162 2510 1394 2582 describuntur.

121 2617 226 2698 Atque
249 2616 444 2701 '1v,2,9,10
465 2618 593 2701 po'e'tam
619 2616 780 2700 spondeos
803 2618 947 2684 consulto
969 2617 1125 2701 posuisse,
1149 2615 1394 2698 indeapparet,

121 2720 205 2802 quod
238 2720 271 2785 in
304 2726 438 2804 utroque
479 2719 679 2786 hemistichio
712 2721 812 2788 verba
844 2727 918 2788 sunt
953 2720 1131 2805 aequaliter
1162 2717 1278 2802 posita.
1322 2716 1392 2780 Neo

121 2824 246 2890 minore
272 2828 304 2892 vi
328 2826 380 2906 lll,
393 2827 478 2909 Alb
505 2827 633 2891 beatum
663 2825 740 2892 dicit
771 2823 961 2910 Apollinem.
1027 2823 1193 2910 Spondeos
1219 2819 1393 2904 1V,t,5,e

121 2947 256 3012 queque,
282 2935 397 3012 restat,
419 2935 455 2993 ut
477 2935 750 3012 commemoretur,
780 2929 967 3014 cogitationi
996 2929 1201 3012 respendere.
1247 2925 1393 2994 cereum

119 3033 174 3116 lll,
188 3034 251 3118 7,5
273 3053 408 3099 caesura
430 3033 704 3117 semiseptenaria,
727 3054 792 3100 non
813 3031 1041 3115 semiquinaria
1063 3037 1121 3096 est.

250 3137 341 3214 Quae
371 3157 441 3203 cum
468 3136 516 3202 ita
545 3137 619 3221 sint,
654 3137 687 3202 in
710 3139 855 3204 omnibns
877 3137 966 3219 locis,
998 3153 1077 3216 quos
1107 3131 1201 3200 modo
1228 3143 1392 3198 enumera·

118 3242 229 3326 vimus,
253 3241 287 3307 id
308 3241 431 3309 studuit
451 3243 558 3325 posta,
581 3248 615 3306 ut
637 3242 789 3326 spondeis
812 3240 974 3325 usurpatis
997 3237 1178 3305 sententiae
1208 3235 1272 3304 vim
1295 3247 1393 3317 quam-

119 3345 194 3411 dam
226 3367 265 3412 ac
298 3345 422 3430 pondus
452 3347 593 3430 afferret,
629 3346 714 3429 quod
743 3368 813 3413 cum
846 3366 950 3430 aeque
984 3343 1027 3410 ad
1059 3343 1158 3410 libros
1179 3339 1330 3424 'primum
1359 3342 1392 3404 et

118 3450 253 3515 alterum
275 3456 372 3532 atque
395 3449 438 3516 ad
461 3457 607 3532 quartum
628 3451 799 3535 pertineat,
822 3470 886 3516 non
909 3471 927 3516 e
949 3469 1080 3515 numero
1102 3448 1252 3528 locorum,
1283 3442 1337 3526 qni
1359 3447 1391 3508 et

118 3553 152 3620 in
173 3553 263 3620 libris
285 3554 392 3637 primo
410 3554 575 3637 alteroque
598 3560 630 3620 et
652 3555 685 3620 in
705 3559 818 3637 quarto
834 3555 898 3620 rari
913 3553 1129 3633 inveniuntur,
1151 3548 1258 3630 colligi
1274 3551 1391 3632 potest,

121 3657 261 3742 elegidia
282 3657 358 3724 libri
379 3659 423 3724 lV
445 3681 466 3724 a
486 3658 613 3725 Tibullo
638 3680 701 3726 non
724 3679 796 3726 esse
818 3657 948 3741 scripta.

243 3762 347 3846 'Igitur
369 3782 464 3844 quum
488 3783 505 3828 e
529 3763 770 3845 quaestionibus
804 3761 867 3828 illis
900 3759 1048 3843 Eiehner,
1083 3776 1162 3840 quas
1196 3756 1289 3825 mado
1323 3775 1392 3844 per-¹

117 3866 344 3951 lustravimus,¹
367 3873 534 3951 appareat,
566 3868 687 3951 elegias
710 3867 784 3933 libri
813 3867 856 3932 lV
879 3865 913 3931 in
935 3865 993 3949 eis,
1024 3883 1107 3947 quae
1136 3867 1208 3927 sunt
1235 3859 1391 3944 gravioris

118 3971 278 4055 momenti,
302 3991 371 4038 cum
394 3971 585 4038 carminibus
608 3972 759 4037 librorum
782 3972 797 4035 Ι
820 3977 852 4036 et
874 3971 904 4034 H
926 3987 1110 4052 congrmre,
1141 3967 1174 4032 in
1197 3963 1318 4048 elegiis,
1349 3962 1393 4028 de

119 4074 232 4157 quibus
266 4075 381 4160 agitur,
412 4075 574 4160 spondeus
604 4077 705 4160 primo
736 4095 847 4142 versus
876 4074 947 4140 loeo
976 4073 1073 4156 paulo
1103 4069 1232 4156 saepius
1263 4067 1392 4152 legitur.

118 4179 182 4247 Sed
210 4179 357 4263 vidimus,
387 4182 515 4262 poetam
544 4181 577 4246 in
607 4181 752 4246 omnibus
782 4179 846 4245 illis
876 4177 1022 4246 versibus
1046 4176 1224 4262 spondeum
1245 4171 1390 4240 consulto

117 4283 273 4370 posuisse.
317 4285 438 4367 Neque
467 4285 581 4351 mirum
615 4290 674 4369 est,
706 4284 836 4368 saepius
870 4281 1046 4368 spondeum
1078 4281 1113 4346 in
1144 4279 1219 4346 libri
1247 4279 1292 4344 IV
1325 4296 1392 4344 ear·

118 4388 259 4456 minibus
277 4427 318 4436 ·-
341 4388 369 4456 si
389 4388 523 4456 intueris
547 4407 656 4456 eorum
676 4393 898 4472 argumentum
923 4425 965 4434 -
987 4383 1135 4453 inveniri.
1178 4381 1285 4449 Animi
1306 4381 1391 4452 enim

117 4492 315 4578 perturbatio
337 4499 434 4576 atque
457 4492 551 4560 ardor
573 4499 606 4560 et
621 4492 783 4578 Sulpiciae
806 4497 838 4558 et
854 4489 997 4558 cerinthi
1019 4489 1052 4557 in
1075 4487 1124 4554 bis
1140 4485 1253 4570 elegiis
1276 4483 1391 4556 deseri

205 4706 226 4775 ¹)
246 4705 280 4762 cf.
300 4703 431 4773 Eiobner,
450 4703 518 4760 diss.
538 4721 565 4772 p.
583 4703 625 4756 27.
