3320 5158
662 249 664 256 ’
746 227 788 294 26

126 443 256 526 junctus
284 440 328 508 sit
357 441 390 507 in
413 439 559 523 disticho,
590 440 741 524 rationes,
765 459 848 523 quae
870 440 953 506 inter
982 438 1041 505 hos
1062 457 1174 506 versus
1195 437 1407 522 intercedunt,

131 545 328 628 spectandae
350 563 422 611 esse
448 544 609 610 videntur.
653 546 767 627 Neque
797 546 858 612 hac
878 544 912 610 in
934 563 968 609 re
990 563 1055 608 non
1080 543 1176 608 laudo
1205 541 1407 626 sententiam,

133 666 227 731 quam
257 648 390 732 protulit
419 648 558 716 Eichner
586 649 627 715 de
656 647 833 734 disticholl
882 648 976 725 Quod
1004 667 1068 712 non
1089 646 1123 712 in
1144 646 1235 729 duas,
1258 645 1291 711 in
1314 645 1410 712 hexa-

132 757 270 819 metrum
292 751 380 818 etin
402 758 645 837 pentametrum,
668 753 727 820 sed
749 751 782 817 in
805 757 956 835 quattuor
976 747 1315 835 partesdividendnm
1337 770 1410 817 esse

131 861 234 943 putat.
294 856 435 933 Quarum
474 857 609 940 primam
644 875 744 939 usque
781 857 824 922 ad
853 875 1028 937 caesuram,
1063 856 1197 920 alteram
1216 876 1247 946 ⁸a
1276 873 1411 921 caesura

134 980 236 1043 usque
258 960 301 1026 ad
322 960 417 1027 finem
439 961 616 1026 hexametri
638 959 898 1045 pertinere‘vult.
943 958 1053 1025 Tertia
1074 959 1172 1042 prius,
1197 963 1311 1041 quarta
1333 959 1411 1024 alte-

133 1083 202 1130 rum
224 1063 416 1147 pentametri
439 1064 671 1131 hemistichium
689 1064 917 1150 complectitur.
951 1064 1056 1146 Atque
1074 1059 1107 1127 hi
1126 1060 1253 1129 distichi
1271 1059 1410 1146 ordines,

134 1167 216 1234 alius
238 1167 281 1234 ad
303 1167 411 1251 alium,
441 1167 585 1252 inprimis
614 1169 702 1252 prius
731 1167 908 1234 hexametri
938 1165 1171 1233 hemistichium
1201 1166 1242 1231 ad
1272 1164 1411 1249 priorem

134 1271 327 1357 pentametri
348 1278 474 1355 partem
497 1277 529 1338 et
553 1274 633 1339 haec
654 1273 696 1338 ad
719 1273 854 1338 alterum
876 1271 969 1337 huius
990 1289 1102 1338 versus
1120 1269 1264 1337 ordinem
1280 1270 1411 1334 multum

133 1376 254 1458 valent,
277 1394 373 1457 quum
395 1377 511 1459 poitae
533 1376 625 1442 latini
648 1397 779 1461 operam
794 1377 918 1459 darent,
944 1397 986 1442 ne
1008 1395 1070 1441 unc
1086 1373 1264 1456 eodemque
1280 1393 1358 1440 sono
1374 1395 1413 1441 ac

133 1478 281 1562 rhythmo
304 1485 412 1545 essent
428 1479 557 1545 distichi
573 1486 692 1563 partes.
728 1480 822 1558 Quod
843 1500 914 1547 cum
935 1479 969 1546 in
987 1467 1180 1564 pentametri
1202 1477 1410 1544 hemistichiis

133 1589 200 1648 tum
220 1581 255 1647 in
281 1582 446 1665 utriusque
468 1603 580 1652 versus
602 1584 695 1651 initio
717 1585 812 1651 111111
834 1585 904 1650 fieri
925 1603 1032 1668 posse,
1055 1581 1227 1666 intelliges,
1250 1581 1279 1648 si
1307 1587 1412 1648 tecum

132 1686 344 1770 reputaveris,
369 1686 618 1771 similitudinem,
643 1707 725 1771 quae
747 1689 832 1754 inter
853 1688 942 1772 prius
964 1686 1157 1772 pentametri
1179 1685 1412 1753 hemistichium

134 1795 168 1856 et
190 1791 328 1874 priorem
351 1791 529 1857 hexametri
550 1797 676 1876 partem
698 1813 833 1860 caesura
854 1790 1083 1872 semiquinaria
1106 1791 1252 1856 effectam
1280 1789 1413 1855 interce-
1454 1829 1457 1834 -

134 1893 201 1977 dat,
224 1893 312 1960 haud
334 1914 406 1962 esse
428 1915 571 1979 parvam.
606 1898 712 1978 Atque
734 1896 768 1961 in
790 1896 840 1962 his
857 1895 1003 1962 versibus
1019 1892 1192 1960 similitudo
1212 1912 1334 1960 summa
1355 1912 1412 1958 seu

134 1997 350 2080 aequabilitas
372 1998 474 2082 adest,
498 1999 526 2065 si
547 2006 682 2082 uterque
705 2000 783 2066 ordo
802 1999 887 2066 binis
906 1998 1043 2083 pedibus
1062 1995 1246 2082 spondiacis
1266 1995 1410 2062 11111111.

133 2101 190 2166 Sin
214 2101 446 2185 holodactylice
471 2102 637 2185 utriusque
667 2124 777 2187 versus
806 2103 932 2168 initium
961 2103 1124 2185 formatur,
1155 2105 1278 2167 tantum
1308 2101 1411 2184 abest,

134 2210 171 2269 11
210 2204 280 2271 fieri
313 2225 378 2272 non
407 2205 520 2289 possit,
556 2207 632 2290 quin
668 2209 849 2290 aequalitas
890 2207 947 2272 illa
987 2204 1184 2289 admittatur,
1221 2211 1257 2270 ut
1293 2204 1414 2289 optima

134 2307 329 2392 praebeatur
361 2309 483 2374 numeri
517 2329 628 2378 versus
662 2311 827 2394 utriusque
861 2309 1009 2378 variandi
1042 2327 1133 2374 ansa.
1189 2308 1296 2374 Verba
1330 2307 1413 2373 enim

135 2411 262 2495 singula
284 2411 331 2478 sic
352 2411 481 2496 disponi
507 2422 652 2498 possunt,
683 2421 718 2480 ut
739 2414 869 2482 'ordinis
898 2433 1048 2481 numerus
1078 2413 1122 2479 sit
1150 2418 1207 2478 ant
1235 2409 1409 2495 dactylicus

135 2521 192 2582 aut
213 2515 445 2583 choriambicus
469 2524 525 2583 aut
547 2519 725 2586 trochaicus
748 2526 804 2586 aut
826 2517 1063 2604 anapaesticus,
1086 2517 1119 2582 id
1136 2516 1221 2600 quod
1240 2537 1303 2581 non
1326 2513 1412 2582 cadit

135 2620 169 2686 in
190 2639 302 2686 versus
323 2640 409 2686 mere
428 2619 630 2705 spondiacus.
665 2622 870 2707 Quapropter
889 2623 1035 2706 dactylos
1051 2619 1202 2704 spondeis
1218 2617 1410 2701 praetulisse

136 2724 285 2791 videntur
307 2723 419 2808 optimi
446 2727 562 2809 potitae
589 2726 690 2792 latini.
742 2728 915 2793 Praeterea
937 2720 1200 2809 aequabilitatem
1222 2717 1342 2784 numeri
1364 2716 1410 2781 sic

137 2829 258 2896 evitare
287 2834 468 2914 potuerunt,
498 2836 534 2894 ut
563 2830 596 2896 in
626 2829 717 2896 initio
748 2851 859 2898 versus
890 2830 1022 2896 alterius
1049 2823 1220 2912 spondeos,
1247 2820 1410 2904 inpriore

137 2939 230 3018 parte
260 2932 393 2998 alterius
422 2933 568 3016 dactylos
602 2935 803 3001 collocarent.
858 2934 984 3001 Deinde
1014 2930 1174 3015 spondeos
1204 2931 1236 2994 ct
1266 2924 1411 3006 dactylos

137 3037 185 3102 ita
217 3035 301 3102 inter
332 3036 456 3119 priores
489 3037 655 3119 utriusque
684 3057 794 3104 versus
827 3043 936 3122 partes
969 3033 1205 3115 disposuerunt,
1239 3033 1274 3091 ut
1307 3023 1411 3090 neutri

138 3139 315 3206 hexametri
348 3140 424 3225 pedi
463 3141 498 3208 in
531 3146 729 3224 pentametro
761 3138 971 3227 responderet
1008 3133 1150 3201 eiusdem
1182 3129 1309 3214 generis
1343 3147 1411 3211 pes.

267 3245 381 3327 Itaque
411 3246 497 3311 haud
527 3246 586 3312 abs
617 3266 651 3311 re
678 3265 750 3312 esse
771 3246 908 3329 videtur,
930 3241 1068 3327 priorem
1089 3233 1268 3303 hexametri
1289 3237 1414 3316 partam

139 3368 274 3415 caesura
295 3349 524 3431 semiquinaria
546 3350 691 3416 effectam
714 3357 746 3415 11
765 3350 853 3433 prius
868 3345 1061 3433 pentametri
1080 3338 1313 3408 hemistichium
1331 3335 1414 3399 inter

139 3473 175 3519 se
197 3472 383 3536 comparare
404 3460 503 3535 atque
526 3454 731 3537 investigare,
755 3455 948 3534 rationesne,
980 3469 1063 3533 quae
1092 3447 1176 3511 inter
1205 3443 1264 3508 has
1287 3437 1414 3506 distichi

140 3563 250 3641 partes
281 3575 353 3622 esse
382 3563 527 3640 possunt,
557 3557 591 3622 in
612 3557 686 3624 libri
708 3559 751 3621 lV
774 3555 887 3638 elegiis
916 3553 1064 3619 similiter
1092 3546 1296 3641 inveniantur
1318 3549 1415 3624 atque

139 3660 172 3726 in
195 3660 285 3726 libris
307 3661 323 3725 Ι
346 3667 378 3726 ot
399 3661 438 3725 II.
483 3660 610 3728 Deinde
632 3661 673 3727 de
695 3657 887 3746 pentametri
910 3673 1036 3738 quoque
1058 3647 1267 3718 hemistichiis
1289 3666 1416 3714 accura-

140 3764 204 3830 tius
227 3764 387 3848 agendum
410 3770 469 3831 est.

268 3869 390 3952 Restat,
421 3875 457 3933 ut
485 3862 1133 3953 1111111111111111111111111111111,
1162 3858 1347 3943 priusquam
1375 3854 1416 3919 de

142 3972 200 4056 eis,
236 3991 318 4054 quae
352 3971 490 4039 Eiohner
526 3971 768 4055 quaestionibus
801 3969 865 4035 illis
896 3966 1028 4050 invenit,
1062 3964 1249 4031 disseratur.
1283 4001 1324 4008 -
1361 3959 1417 4022 Ar-

142 4077 297 4141 hitramur
337 4076 430 4160 enim,
472 4076 641 4143 discrimen
681 4074 779 4142 statui
819 4095 884 4142 nou
923 4091 1029 4158 posse,
1073 4074 1153 4154 puta
1195 4067 1224 4133 si
1259 4065 1292 4132 in
1328 4061 1417 4127 libris

141 4182 156 4245 I
182 4181 265 4246 1111
289 4186 412 4264 quarta,
435 4179 468 4246 in
491 4179 604 4263 elegiis
626 4179 700 4244 libri
722 4178 767 4243 lV
791 4177 902 4261 quinta
923 4175 974 4244 111
1004 4182 1098 4240 sexta
1125 4191 1199 4256 pars
1223 4171 1415 4234 hexametro-

142 4303 211 4348 rum
243 4303 384 4350 ncrmam
418 4283 578 4365 quandam
610 4289 773 4365 sequatur.
829 4281 943 4362 Neque
974 4278 1058 4343 enim
1088 4269 1268 4358 exspectari
1301 4273 1417 4354 potest,

143 4388 221 4471 lore,
243 4393 279 4451 ut
301 4386 386 4452 omni
409 4387 442 4452 in
462 4407 498 4452 re
520 4385 669 4468 omnique
698 4386 731 4450 in
760 4390 853 4469 parte
882 4383 966 4448 inter
994 4402 1030 4447 se
1060 4382 1236 4464 congruant
1267 4371 1418 4453 carmina,

143 4490 185 4560 de
218 4490 332 4576 quihus
367 4489 482 4574 agitur.
536 4488 678 4558 Vidimus
709 4489 793 4570 enim
822 4488 855 4552 in
888 4483 1048 4572 prioribus
1078 4502 1138 4550 nec
1165 4477 1268 4550 miuus
1298 4475 1332 4542 in
1361 4473 1418 4558 eis,

169 4655 171 4660 Ι
228 4707 250 4776 ¹)
268 4703 400 4768 Είο11111,
418 4702 645 4773 Bemerkongea
663 4715 691 4773 p.
709 4705 733 4760 t.
