3320 5158
769 179 810 242 23

152 385 271 454 vocula
298 391 391 468 ,quet
437 390 486 469 (2,
503 389 568 467 17).
616 387 723 469 Atque
751 387 781 452 si
810 385 1053 468 examinaveris,
1084 385 1241 468 quomodo
1271 384 1331 452 hoc
1358 384 1428 451 loeo

154 489 345 574 particulam
368 494 451 572 ,que‘
474 490 677 572 usurpaverit
698 492 805 574 po'e'ta,
828 491 982 574 invenies,
1004 489 1117 572 locum,
1146 490 1188 555 de
1211 509 1273 572 quo
1294 488 1428 573 agimus,

156 615 176 660 a
199 593 329 659 dicendi
344 593 575 660 consuetudine
597 594 716 660 Tibulli
738 616 802 662 non
823 596 1007 679 abhorrere,
1031 593 1084 678 qui
1106 593 1220 661 hocin
1242 613 1336 661 versu
1357 612 1429 676 par-

157 697 254 764 ticula
278 702 360 779 ,que‘
383 698 491 781 utitur,
515 703 550 762 ut
571 699 672 765 artius
695 719 765 765 eum
788 699 1006 766 enuntiatione
1032 699 1137 784 priore
1159 697 1336 784 proximam
1357 718 1429 764 oon-

154 806 273 885 nectat,
306 801 497 886 praesentim
529 822 600 868 cum
632 803 801 870 verborum
833 803 1027 870 constructio
1059 802 1187 886 longius
1226 800 1428 886 producatur.
1548 883 1552 890 ι

100 967 106 978 ,
152 907 271 988 Neque
299 904 334 971 in
360 905 433 971 libri
456 906 498 970 IV
522 906 635 990 elegiis
665 907 842 990 particulae
865 913 947 991 ,que‘
972 914 1004 973 et
1027 911 1079 991 ,et‘
1108 906 1273 990 negationi
1302 905 1428 990 longius

152 1009 381 1096 producendae
409 1010 597 1077 inserviunt.
645 1011 731 1077 Nam
753 1017 846 1096 ,que‘,
877 1011 962 1094 qnod
991 1011 1108 1094 legitur
1128 1013 1202 1096 4,3,
1216 1012 1267 1094 10,
1297 1011 1339 1076 ab
1368 1009 1430 1075 hac

141 1117 228 1198 lege
250 1134 314 1180 non
336 1113 466 1197 recedit,
497 1134 567 1180 cum
595 1116 760 1200 negationi
789 1115 990 1201 suppositum
1018 1136 1082 1183 non
1110 1115 1173 1182 nisi
1200 1111 1428 1181 enuntiationis

153 1224 265 1306 partes
288 1223 501 1304 connectatl)

282 1323 440 1408 Sequitur,
475 1331 509 1392 ut
542 1325 676 1411 dicatur,
710 1325 884 1408 particulas
919 1329 996 1408 ,nee‘
1030 1331 1091 1412 ,ve‘
1126 1327 1213 1408 ,ase
1242 1328 1376 1406 ceteras,
1410 1339 1428 1386 e

157 1427 439 1512 conjunctionibus,
467 1429 581 1512 quibus
612 1429 790 1496 enuntiatio
823 1431 927 1498 altera
956 1430 1050 1496 alteri
1079 1428 1282 1513 subJungitur
1311 1428 1427 1510 ,quum‘

157 1531 223 1618 (IV,
235 1533 265 1616 4,
278 1533 333 1616 233
355 1535 453 1618 6,19;
483 1536 615 1632 2,b;*5,
630 1536 695 1622 10),
718 1540 852 1618 ceteras,
876 1553 956 1616 quas
976 1535 1057 1618 legis
1076 1534 1110 1600 in
1131 1534 1214 1600 libro
1236 1533 1291 1616 IV,
1314 1529 1429 1598 eodem

153 1635 248 1700 modo
269 1642 440 1720 usurpatas
463 1659 535 1706 esse
562 1659 625 1720 quo
648 1637 794 1704 inlibris
817 1639 831 1703 I
854 1644 887 1706 et
908 1638 948 1702 II.
992 1640 1097 1705 Locus
1121 1639 1249 1724 lv,5,9
1276 1637 1372 1716 solus,
1394 1633 1428 1700 in

154 1759 217 1823 quo
240 1740 279 1824 ,si
301 1741 405 1807 modo‘
429 1762 499 1808 cum
527 1742 702 1812 indicativo
729 1743 931 1830 construitur,
960 1763 982 1808 a
1003 1742 1129 1810 dicendi
1157 1763 1217 1809 usu
1246 1731 1438 1808 Tibulliano

152 1843 304 1910 recedere
326 1845 462 1930 videtur,
494 1867 590 1932 quum
611 1848 679 1930 1,2‚
693 1849 743 1930 71,
765 1846 804 1930 Π,
817 1847 847 1930 4,
860 1848 902 1913 59
932 1847 970 1931 ,si
1000 1847 1103 1914 modo‘
1134 1867 1204 1914 cum
1226 1843 1427 1928 conjunctivo

151 1949 316 2036 legatarii
350 1949 415 2016 Sed
433 1950 462 2018 si
485 1952 664 2018 accuratius
687 1971 854 2033 comparas
877 1951 1006 2035 IV,5,9
1028 1972 1098 2019 eum
1120 1952 1145 2033 1,
1158 1953 1188 2034 2,
1202 1953 1252 2034 71,
1282 1948 1426 2032 11,4,59,

152 2050 361 2120 indicativum
389 2056 486 2139 poe'ta
516 2061 602 2122 recte
631 2054 778 2138 posuisse
808 2054 943 2137 videtur,
978 2075 1073 2138 quum
1102 2054 1180 2121 illud
1210 2054 1316 2121 dicere
1349 2053 1427 2120 velit

155 2152 306 2240 Sulpicia,
339 2176 374 2226 se
406 2179 470 2226 non
504 2157 646 2241 gaudere
678 2156 741 2224 nisi
770 2177 804 2223 re
835 2164 867 2222 et
895 2159 1032 2226 veritate
1061 2164 1185 2226 ametur
1214 2180 1235 2224 a
1265 2157 1426 2225 Cerintho.

156 2255 270 2338 Neque
292 2259 392 2326 minus
423 2267 509 2330 reete
532 2260 768 2344 conjunctivum
790 2263 815 2345 l,
828 2263 858 2344 2,
872 2264 922 2347 71,
945 2263 985 2348 Π,
997 2265 1027 2346 4,
1040 2265 1081 2330 59
1111 2261 1228 2347 posuit,
1258 2281 1354 2344 quum
1375 2283 1425 2345 ea,
1469 2313 1473 2320 .

155 2379 238 2440 quae
259 2361 367 2430 insunt
388 2365 422 2430 in
444 2365 493 2434 his
516 2363 800 2448 enuntiationibus
823 2365 930 2432 animo
952 2372 1076 2436 tantum
1097 2367 1160 2432 sibi
1189 2366 1288 2450 fingat
1318 2367 1425 2450 potita.

282 2465 407 2534 Deinde
429 2468 576 2556 Zingerle
599 2467 685 2534 haud
707 2488 811 2551 pauca
829 2471 946 2553 attulit,
968 2470 1082 2555 quibus
1102 2493 1122 2536 a
1140 2471 1267 2537 Tibullo
1287 2469 1426 2554 elegidia

156 2563 229 2628 libri
247 2567 289 2632 lV
306 2568 425 2654 scripta
444 2592 516 2641 esse
535 2572 766 2658 comprobetur.
802 2573 864 2650 Qui
883 2575 1032 2659 ostendit,
1052 2574 1214 2661 adjectiva
1230 2574 1424 2661 nonnulla,⁴)

152 2674 340 2751 pronomina
363 2675 526 2760 ,quisquis‘
550 2676 771 2761 ,quicumque‘,
798 2677 1020 2762 imperativum
1048 2679 1154 2761 futuri,
1184 2678 1284 2747 verba
1311 2678 1425 2762 imper-

154 2774 289 2854 sonalia,
315 2776 432 2858 ,piget
451 2778 561 2858 pudet,
580 2778 679 2864 iurat,
699 2779 801 2864 decet,
824 2781 952 2848 taedet“
977 2802 1080 2866 aeque
1103 2788 1136 2850 et
1157 2782 1287 2865 saepius
1310 2781 1425 2850 iisdem

154 2892 266 2940 versus
288 2875 367 2942 locis
389 2876 422 2941 in
444 2877 518 2942 libri
541 2882 644 2961 quarti
667 2883 813 2967 elegidiis
836 2892 933 2970 atque
955 2886 988 2951 in
1010 2886 1100 2954 libris
1125 2887 1137 2950 l
1161 2891 1194 2953 et
1216 2887 1244 2952 ll
1267 2885 1423 2970 usurpari.

278 2978 426 3063 Denique
448 2986 757 3056 commemorandum
780 2995 839 3072 est,
867 2990 1045 3073 transitum,
1077 2991 1130 3073 qui
1159 2990 1192 3058 in
1223 2990 1368 3058 versibus
1391 2995 1424 3058 et

150 3079 213 3162 6,7
236 3086 269 3146 et
290 3083 353 3166 8,9
375 3086 524 3155 carminis
545 3089 567 3154 5
589 3089 664 3154 libri
686 3093 730 3158 IV
752 3091 799 3158 sie
820 3099 960 3178 paratur,
991 3100 1026 3160 ut
1055 3095 1096 3160 ab
1127 3094 1190 3162 illis
1221 3095 1337 3179 verbis,
1369 3095 1423 3179 qui

150 3182 184 3246 in
204 3183 267 3250 fine
290 3189 482 3270 pentametri
505 3191 664 3282 leguntur,
696 3195 838 3262 ordiatur
860 3197 1044 3266 hexameter
1065 3197 1192 3267 distichi
1215 3198 1361 3283 proximi,
1390 3199 1424 3268 iu

151 3286 240 3354 libris
265 3290 277 3353 l
302 3295 334 3356 et
358 3291 387 3360 11
411 3293 524 3360 eodem
546 3297 641 3364 modo
663 3299 746 3366 effici
767 3299 845 3368 loeis
870 3301 931 3365 his:

489 3398 526 3462 H,
535 3400 560 3461 5,
571 3399 600 3454 62·
620 3404 675 3482 „ad
693 3410 742 3460 tua
759 3419 843 3460 saera
860 3405 934 3462 veni.

320 3481 376 3538 Sed
393 3486 500 3541 nitidus
519 3487 695 3560 pulcherque
714 3486 806 3547 veni.“

490 3574 620 3639 11‚5‚3o:
640 3577 752 3653 „fistula
770 3594 853 3635 sacra
872 3580 936 3648 deo,

320 3656 430 3716 ristun
448 3661 494 3716 uui
511 3677 627 3732 semper
644 3664 786 3721 decrescit
804 3667 950 3721 arundinis
969 3663 1068 3723 ordo.“

488 3747 509 3808 Ι,
522 3751 544 3808 1,
556 3750 655 3809 38,39;
675 3753 768 3826 „dona
785 3769 838 3810 noc
857 3770 873 3808 e
891 3754 970 3822 puris
989 3755 1116 3823 spernite
1134 3756 1277 3814 fictilibus.

317 3828 430 3888 Fictilia
448 3833 582 3903 antiquus
601 3836 720 3904 primum
737 3839 794 3896 sibi
811 3839 882 3896 fecit
899 3837 1049 3912 agresusl‘

149 4021 556 4038 *m*

233 4114 255 4181 ¹)
274 4114 310 4170 ef.
328 4116 437 4188 Lierse,
455 4118 473 4172 l.
493 4136 515 4174 c.
536 4137 563 4192 p.
581 4123 622 4178 25.

230 4201 252 4270 ²)
272 4202 309 4257 de
334 4205 476 4274 particula
502 4210 549 4276 ,at‘
573 4210 690 4266 uberius
710 4214 781 4269 dixit
805 4216 936 4286 Zingerle
961 4221 1120 4295 „Weiteres
1145 4242 1180 4280 zu
1205 4227 1260 4281 den
1284 4226 1420 4296 Sulpicia-

274 4289 389 4360 elegien
408 4292 460 4349 des
480 4294 639 4366 Tibullus,“
657 4298 696 4352 hl.
714 4299 812 4368 philol.
829 4303 1069 4378 Abhandlungen.
1104 4312 1138 4365 ll.

227 4373 251 4443 3)
271 4377 306 4432 cf.
324 4378 434 4449 Lierse,
453 4380 470 4433 l.
492 4397 514 4437 e.
533 4398 560 4452 p.
580 4384 621 4436 34.

227 4461 251 4528 t)
268 4464 433 4536 Adjeetiva,
443 4468 479 4524 de
490 4470 593 4539 quibus
605 4472 1108 4550 quaestioneminstitnitsunthaee:
1125 4482 1249 4560 ,tenant
1259 4485 1418 4563 „sanctus“,

269 4548 388 4624 „oeler“,
406 4552 561 4628 ,mutuus“,
579 4553 730 4632 „celeber“
749 4561 796 4627 (ef,
815 4564 984 4624 Kleemann:
1003 4570 1057 4645 „de
1067 4571 1134 4626 libri
1143 4574 1221 4628 tertii
1237 4575 1416 4644 carminibus,

265 4650 338 4704 quae
348 4639 455 4696 Tibulli
465 4645 576 4700 nomine
590 4644 847 4708 circumferuntur.“
873 4653 1061 4727 Argentorati
1081 4659 1154 4729 1876,
1169 4675 1197 4728 p.
1213 4662 1267 4730 39),
1280 4657 1416 4737 .„aptus.“
