3320 5158
768 255 971 356 a«.

231 477 326 542 hilm.
372 475 442 552 Quo
474 473 524 556 fit,
559 477 594 536 ut
623 465 752 554 saepius
783 465 902 552 optime
932 463 1084 549 spondeis
1114 466 1223 528 utatur
1252 447 1359 544 poeta,
1390 449 1504 539 qulbus

231 595 346 666 graves
369 580 442 644 illas
472 576 620 660 querelas
655 581 686 640 et
715 571 916 659 precationes
954 569 1129 635 amantium
1166 565 1343 630 adumbret.
1388 562 1505 626 Amore

234 686 318 750 enim
338 685 373 749 ln
395 677 501 765 elegia
523 680 620 746 tertia
638 679 754 761 flagrat
773 675 924 760 Sulpicia,
949 672 1074 756 elegiae
1091 671 1202 754 quinta
1218 673 1358 734 etsexta
1374 665 1506 731 deorum

232 787 566 874 precationibussunt
599 785 750 864 refertae,
788 781 820 845 in
854 778 959 862 elegia
993 782 1108 860 quarta
1140 780 1240 857 metu,
1279 792 1319 837 ne
1353 770 1506 836 moriatur

234 897 353 976 amata,
376 910 485 956 amens
509 895 558 956 est
582 886 761 954 Cerinthus.

370 994 474 1072 Quum
499 993 604 1060 adhuc
637 992 678 1057 de
707 988 884 1056 hexametri
907 991 939 1052 et
957 984 1148 1070 pentametri
1175 981 1373 1048 hemistichia
1398 979 1504 1064 priore

237 1100 356 1166 dictum
390 1099 445 1181 sit,
479 1095 542 1163 iam
574 1096 614 1161 de
644 1095 808 1176 utriusque
840 1111 952 1159 versus
982 1089 1093 1156 ordine
1123 1088 1224 1153 altero
1255 1085 1415 1168 agendum
1448 1089 1506 1148 est.

236 1203 351 1286 Neque
377 1201 562 1284 ‘quidquam
593 1199 700 1266 afferri
732 1204 849 1282 potest,
885 1215 946 1278 quo
984 1196 1120 1260 alterum
1156 1189 1332 1257 hexametri
1367 1177 1508 1254 hemisti-

236 1309 341 1376 chium
369 1307 403 1372 in
432 1305 543 1388 elegiis
577 1304 650 1370 libri
681 1301 724 1368 IV
754 1303 795 1369 ab
826 1307 895 1367 arte
929 1301 1012 1365 hanc
1044 1315 1157 1364 versus
1191 1303 1314 1380 partem
1347 1281 1507 1360 condendi

236 1409 420 1477 Tibulliana
449 1409 598 1476 recedere
628 1404 870 1474 demonstretur.
914 1405 999 1468 Nam
1029 1401 1114 1483 quod
1143 1400 1223 1466 arsis
1251 1397 1352 1481 quinti
1374 1396 1467 1481 pedis
1490 1405 1508 1462 e

235 1513 391 1583 vocabulo
415 1513 636 1596 monosyllabo
658 1517 784 1578 constat
807 1510 874 1597 (IV,
891 1509 988 1592 3,15;
1012 1505 1065 1590 IV,
1082 1508 1168 1589 5,1)‚
1193 1523 1384 1586 quamquam
1406 1502 1507 1566 rarius

236 1619 411 1702 invenitur,
445 1624 553 1684 tamen
586 1617 706 1701 septies
740 1613 847 1682 decies
881 1612 968 1697 apud
1002 1606 1162 1676 Tibullum
1195 1609 1350 1696 legitur.¹)
1401 1607 1509 1688 Atque

235 1724 323 1808 prior
349 1725 437 1789 locus
464 1726 642 1802 excusatur,
670 1739 764 1801 quum
791 1719 904 1784 vocula
927 1723 1028 1801 ,mea‘,
1060 1736 1142 1799 quae
1165 1714 1317 1798 sequitur,
1341 1733 1410 1780 curn
1433 1711 1508 1796 arsi,

237 1847 319 1909 quae
349 1826 483 1892 efficitur
512 1845 590 1890 voce
621 1823 730 1906 ,lucis‘,
761 1821 921 1887 artissime
950 1821 992 1887 sit
1021 1817 1216 1904 conjuncta.'
1244 1819 1309 1884 Sed
1343 1817 1509 1900 quominus

235 1931 300 1996 illis
323 1930 480 2012 versibus,
503 1928 556 2010 qni
578 1927 698 1992 ordinis
730 1925 848 1990 exitum
876 1925 1012 2008 pedibus
1044 1927 1156 2006 quarto
1187 1929 1219 1988 et
1249 1923 1359 2004 quinto
1388 1920 1509 2004 pariter

236 2034 380 2101 formatis
414 2017 583 2113 divellunt,
620 2031 754 2112 lV,5,1
790 2028 1008 2112 adnumerem,
1041 2027 1226 2112 prohibeor,
1266 2039 1361 2109 quum
1398 2039 1508 2091 versus

237 2156 371 2205 caesura
393 2134 659 2217 semiseptenaria
681 2132 803 2199 divisus
826 2153 897 2198 esse
920 2131 1077 2198 videatur.

366 2238 525 2321 Sequitur,
554 2244 588 2301 ut
611 2235 743 2320 dicatur,
773 2256 811 2301 ex
843 2235 900 2318 eis,
932 2255 1013 2317 quae
1043 2235 1083 2300 de
1114 2239 1228 2317 quarta
1257 2232 1387 2299 distichi
1416 2237 1509 2316 parte

236 2345 358 2413 invenit
380 2343 563 2428 Eiehner2),
593 2363 652 2407 nos
679 2362 742 2406 non
772 2341 901 2422 habere,
932 2359 987 2406 cur
1015 2339 1089 2403 libri
1112 2340 1156 2403 lV
1179 2338 1300 2422 elegias
1331 2359 1351 2402 a
1380 2337 1508 2402 Tibullo

235 2451 397 2532 profectas
421 2467 492 2512 esse
514 2465 677 2529 negemus.
723 2444 821 2510 Varia
843 2445 926 2508 enim
949 2463 1069 2527 genera
1098 2443 1202 2509 exitus
1225 2442 1362 2524 iambici,
1394 2441 1509 2523 quibus

236 2551 383 2617 inlibris
405 2551 418 2612 l
442 2556 474 2615 et
497 2550 526 2613 ll
548 2549 706 2616 clauditur
726 2553 936 2631 pentameter,
960 2547 1073 2614 eodem
1094 2548 1161 2612 fere
1187 2565 1317 2611 numero
1344 2545 1508 2612 inveniun-

236 2661 288 2720 tur
316 2654 349 2720 in
375 2654 447 2718 libri
475 2653 520 2718 lV
550 2653 662 2737 elegiis
694 2672 755 2735 quo
782 2653 815 2717 in
838 2652 1029 2718 carminibus
1053 2651 1205 2715 librorum
1229 2651 1241 2712 l
1264 2656 1297 2713 et
1319 2651 1358 2713 ll.
1403 2652 1508 2732 Atque

119 2843 124 2851 .
237 2781 296 2825 eae
318 2759 482 2840 formulae,
514 2757 652 2839 quaein
682 2757 884 2837 carminibus,
916 2775 999 2836 quae
1029 2753 1166 2820 omnium
1196 2767 1353 2822 consensu
1381 2753 1508 2819 Tibullo

236 2861 427 2942 tribuuntur,
450 2865 524 2924 sunt
546 2857 784 2942 usitatissimae,
807 2859 841 2923 in
864 2857 988 2941 elegiis·
1004 2874 1130 2940 quoque
1159 2858 1232 2922 libri
1255 2858 1298 2922 lV
1321 2857 1510 2940 saepissime

236 2961 394 3045 leguntur,
439 2961 556 3044 Reperi
586 2966 682 3044 certe,
713 2979 808 3044 quum
837 2981 1054 3046 compararem
1083 2965 1143 3028 hac
1172 2963 1204 3028 in
1232 2983 1266 3028 re
1290 2961 1412 3045 elegias
1435 2961 1508 3025 libri

236 3066 281 3130 IV
304 3084 374 3130 cum
396 3064 589 3131 carminibus
612 3065 726 3130 Deliae
752 3085 892 3132 amorem
914 3069 1102 3134 canentibus
1126 3073 1158 3132 et
1188 3087 1258 3133 cum
1290 3065 1402 3149 elegiis
1433 3064 1509 3129 libri

237 3169 369 3232 alterius
384 3169 496 3251 prima,
518 3176 641 3254 quarta,
659 3175 761 3252 sexta,
786 3191 868 3252 quae
889 3169 1006 3238 iudicio
1023 3172 1144 3236 Teuffel
1165 3171 1372 3256 perfectiores
1393 3170 1507 3236 ceteris

236 3268 329 3332 huius
358 3270 432 3333 libri
460 3272 652 3336 carminibus
683 3280 769 3354 sunt,
800 3275 927 3358 singula
949 3275 1053 3341 exitus
1080 3276 1208 3341 iambici
1231 3297 1351 3360 genera
1372 3275 1405 3341 in
1427 3274 1509 3340 libro

236 3371 280 3435 IV
302 3372 511 3438 fereeodem
541 3394 671 3440 numero
702 3375 849 3460 usurpari
879 3385 976 3461 atque
1005 3379 1038 3445 in
1068 3380 1270 3465 carminibus,
1300 3401 1385 3462 quae
1414 3379 1508 3446 modo

237 3496 431 3542 enumeravr.

365 3581 458 3658 Quod
480 3602 584 3664 aeque
606 3584 745 3666 pertinet
775 3585 817 3651 ad
836 3594 970 3654 ¹ceteras
1000 3588 1104 3655 exitus
1134 3589 1261 3672 formas,
1292 3588 1363 3655 dico
1391 3589 1509 3654 exitum

235 3684 486 3770 anapaesticum,
517 3686 717 3772 dactylicum,
752 3691 1007 3775 choriambicum,
1039 3692 1153 3776 quibus
1184 3694 1334 3759 terminat
1362 3693 1508 3758 Tibullus

235 3794 477 3870 pentametrum.
502 3791 575 3867 'Qui
597 3808 668 3858 cum
690 3794 791 3862 rarius
814 3796 900 3879 apud
921 3796 1080 3860 Tibullum
1102 3797 1309 3863 inveniantur
1327 3803 1359 3862 et
1382 3799 1423 3864 ab
1446 3820 1510 3864 om-

207 3897 210 3904 '
235 3889 329 3956 nibus
352 3893 465 3977 poetis,
491 3895 542 3976 qui
566 3895 598 3961 in
621 3897 766 3964 versibus
789 3900 967 3982 pangendis
991 3903 1208 3982 sequebantur
1235 3902 1324 3986 leges
1354 3903 1508 3989 duriores,

236 3994 405 4080 evitentur,
428 3997 461 4062 in
484 4000 596 4082 elegiis
618 4000 692 4065 libri
713 4003 755 4065 lV
777 4018 841 4068 non
863 4023 961 4087 saepe
984 4011 1185 4088 usurpantur.
1220 4008 1318 4072 lnimo
1341 4005 1508 4074 dicendum

236 4105 295 4184 est,
329 4100 386 4166 hos
417 4100 520 4166 exitus
550 4105 583 4169 in
613 4105 735 4187 elegiis,
766 4107 806 4170 de
837 4108 951 4189 quibus
974 4109 1089 4194 agitur,
1119 4111 1175 4175 aut
1204 4107 1330 4176 omnino
1360 4131 1424 4176 non
1453 4118 1508 4177 aut

235 4224 293 4286 pro
315 4224 454 4288 numero,
479 4224 572 4288 quern
594 4209 751 4291 praebent
771 4211 853 4276 liber
875 4212 993 4296 primus
1024 4220 1056 4279 et
1079 4214 1170 4298 alter,
1200 4215 1302 4282 rarius
1325 4213 1398 4300 legi.
1443 4216 1509 4282 Sed

235 4313 321 4373 recte
350 4309 445 4375 velim
474 4310 646 4397 intelligas,
678 4334 760 4396 quae
789 4316 882 4384 modo
913 4316 988 4386 dixi.
1047 4318 1132 4383 Nam
1162 4339 1259 4400 quum
1286 4319 1319 4384 hi
1349 4320 1452 4389 exitus
1475 4321 1507 4386 in

235 4409 324 4476 libris
356 4413 424 4478 let
444 4414 474 4477 ll
502 4415 567 4481 rari
595 4416 668 4499 sint,
699 4438 763 4486 nou
793 4420 936 4504 efficitur,
965 4422 1010 4488 ab
1039 4421 1103 4487 alio
1133 4423 1229 4505 poe'ta
1258 4422 1506 4507 intelligentiore

243 4572 648 4586 Q*—

320 4637 342 4706 l)
362 4631 545 4704 cf.'Eichner,
564 4641 791 4714 Bemerkungen,
809 4662 837 4716 p.
857 4648 897 4700 16.

319 4724 341 4792 2)
360 4725 490 4791 Eiehner,
510 4728 579 4783 diss.
598 4743 623 4798 p.
644 4733 686 4785 67.
