3320 5158
11 1445 21 1493 p
98 1361 225 1472 Priore
254 1412 398 1492 tempore
427 1408 569 1476 carmina
591 1409 708 1494 omnia,
736 1429 819 1492 quae
841 1410 949 1478 insunt
970 1410 1004 1476 in
1027 1416 1163 1495 quatuor
1184 1410 1249 1479 illis
1271 1411 1373 1498 libris,

99 1509 151 1592 qui
163 1529 181 1576 e
191 1510 320 1576 Tibullo
331 1511 544 1597 nominantur,
564 1535 584 1580 a
599 1514 727 1580 Tibullo
740 1515 886 1600 prolecta
898 1534 971 1581 esse
985 1517 1219 1606 putaveruntl)
1252 1517 1283 1582 N
1284 1521 1373 1583 ostra

97 1618 204 1680 aetate
225 1614 346 1699 primus
369 1620 493 1682 tantum
523 1623 555 1683 et
584 1617 666 1685 liber
693 1618 851 1686 secundus
874 1624 906 1685 et
928 1618 1002 1684 libri
1032 1620 1137 1700 quarti
1167 1619 1373 1694 carmina,13

97 1723 129 1782 et
148 1719 190 1784 14
210 1717 351 1784 omnium
373 1739 530 1787 consensu
545 1721 673 1788 Tibullo
691 1721 881 1788 tribuuntur.
914 1721 1056 1788 Tertium
1076 1730 1188 1790 contra
1207 1729 1239 1788 et
1257 1723 1373 1789 librum

98 1826 244 1904 quartum
266 1842 287 1887 a
309 1822 436 1890 Tibullo
458 1825 595 1909 scriptos
618 1846 690 1893 esse
711 1825 803 1892 multi
824 1831 954 1910 negant.
991 1826 1105 1909 Neque
1128 1827 1199 1911 erit,
1223 1827 1277 1911 qui
1301 1847 1373 1894 con-

96 1924 217 2011 tendat,
240 1925 402 1993 Tibullum
422 1927 497 1993 libri
519 1929 607 1996 tertii
628 1930 770 1996 carmina
792 1929 1019 2015 composuisse.
1063 1930 1114 1996 De
1137 1931 1242 2012 quarti
1265 1935 1373 1997 autem

93 2029 165 2093 libri
184 2029 299 2114 elegiis
319 2031 493 2118 (Messalae
509 2034 738 2118 panegyricum
753 2033 950 2122 omittimus),
966 2039 1001 2098 ut
1017 2053 1127 2100 omnes
1145 2034 1372 2119 consentirent,

92 2132 234 2198 nondum
256 2135 400 2218 contigit.
443 2136 527 2202 Nam
550 2136 590 2203 de
613 2137 815 2221 carminibus,
836 2157 918 2220 quae
940 2143 1063 2204 restant
1085 2138 1200 2222 2-12,
1223 2137 1372 2206 diversae

92 2237 276 2305 sententiae
309 2239 456 2325 prolatae
489 2246 573 2306 sunt.
624 2241 705 2306 Sunt
727 2241 820 2326 enim,
852 2240 906 2324 qui
935 2241 1016 2308 haec
1045 2239 1186 2308 carmina
1215 2242 1323 2308 omnia
1351 2261 1373 2309 a

92 2339 222 2408 Tibullo
244 2341 365 2427 scripta
387 2349 459 2410 esse
481 2349 610 2428 negent.
647 2344 750 2411 Alteri
772 2345 894 2430 elegias
916 2344 992 2412 inde
1014 2345 1056 2412 ab
1079 2345 1183 2412 altera
1205 2359 1306 2429 usque
1328 2343 1372 2411 ad

91 2444 264 2529 septimam
285 2445 413 2514 Tibullo
435 2447 588 2514 tribuunt.
634 2447 697 2526 Qui
725 2447 867 2514 carmina
895 2448 971 2516 inde
997 2449 1039 2515 ab
1063 2453 1176 2516 octavo
1205 2447 1372 2532 usquead

92 2546 315 2616 duodecimum
336 2550 491 2635 epistolas
519 2551 693 2618 amatorias
715 2551 887 2637 Sulpiciae,
910 2545 1039 2637 puellae
1061 2551 1276 2636 doctissimae,
1299 2569 1371 2619 esse

91 2656 218 2734 putant.
277 2653 417 2732 Quorum
450 2654 484 2721 in
512 2675 642 2722 numero
671 2661 745 2722 sunt
775 2655 917 2741 Gruppe,
950 2655 1083 2741 Teuffel,
1112 2655 1270 2740 Zingerle,
1303 2654 1370 2722 alii.

11 2785 19 2810 ι
92 2754 183 2832 Quae
206 2775 278 2824 cum
298 2756 346 2824 ita
367 2758 442 2850 sint,
464 2757 552 2825 haud
574 2759 633 2826 abs
655 2778 690 2826 re
713 2778 784 2826 esse
802 2758 938 2844 videtur,
956 2779 1051 2842 quam
1069 2758 1308 2826 accuratissime
1329 2757 1372 2825 de

91 2859 165 2924 libri
187 2860 243 2925 lV.
266 2861 460 2929 carminibus
482 2861 650 2930 disserere.
701 2862 787 2929 Fieri
809 2862 893 2929 enim
915 2868 1033 2948 potest,
1063 2866 1098 2927 ut
1120 2861 1286 2929 doctorum
1307 2861 1371 2929 dis·

90 2962 201 3030 sensio
223 2964 281 3030 illa
303 2964 492 3048 quaestione
514 2964 556 3032 de
578 2966 638 3033 hac
659 2985 694 3033 re
717 2966 889 3051 diligenter
909 2966 1058 3034 instituta
1078 2965 1221 3033 tollatur.
1264 2967 1370 3050 Atque

90 3067 174 3132 mihi
190 3069 348 3153 persuasi,
372 3069 514 3154 Gruppq
537 3070 670 3155 Teuffel,
692 3071 840 3155 Zingerle
869 3071 911 3138 de
938 3071 1044 3156 priore
1074 3069 1249 3154 elegiarum
1277 3075 1371 3155 parte

90 3170 166 3238 inde
189 3171 233 3238 ab
257 3174 361 3239 altera
381 3191 484 3256 usque
505 3172 549 3239 ad
568 3173 738 3259 septimam
760 3180 847 3242 recte
872 3174 1042 3242 iudicasse.
1081 3173 1275 3252 Quibuscum
1296 3171 1370 3239 libri

91 3277 226 3344 alterius
254 3276 361 3360 elegia
383 3277 487 3343 altera
516 3277 739 3362 conjungenda
769 3297 841 3344 esse
871 3276 1008 3345 videtur.
1058 3278 1124 3346 Sed
1152 3276 1193 3344 de
1221 3276 1294 3343 libri
1324 3276 1370 3342 1v

94 3380 289 3448 carminibus
312 3381 427 3447 8-12
448 3379 489 3447 de
511 3381 674 3448 sententia
696 3381 837 3465 Gruppe,
860 3385 1038 3448 ceterorum
1060 3380 1193 3450 decedo.

221 3485 328 3568 Atque
360 3484 508 3551 exordior
533 3506 553 3551 a
576 3485 718 3570 Gruppe,
747 3484 817 3551 viro
842 3485 1038 3572 doctissimo,
1064 3485 1153 3554 cuius
1175 3482 1369 3552 sententiam

90 3608 111 3654 a
133 3588 261 3675 ceteris,
292 3607 376 3671 quae
403 3594 501 3655 antea
526 3588 568 3655 de
596 3588 671 3654 libri
693 3589 737 3655 lV
767 3588 960 3656 carminibus
990 3589 1245 3675 proferebantur,
1270 3587 1369 3672 plane

89 3690 231 3758 alienam
253 3691 400 3778 plerique
419 3697 529 3758 nostra
548 3697 657 3759 aetate
676 3691 778 3759 secuti
799 3699 883 3760 sunt.
929 3693 1014 3762 Nam
1037 3713 1132 3778 quum
1154 3697 1252 3759 antea
1273 3690 1369 3758 inter-

88 3801 217 3879 pretum
243 3795 300 3863 alii
322 3795 381 3862 has
404 3795 526 3880 elegias
548 3816 613 3862 non
633 3796 735 3862 solum
757 3796 841 3863 inter
862 3817 898 3864 se
921 3817 994 3864 esse
1016 3815 1176 3864 connexas
1198 3798 1367 3880 negarent,

12 3975 13 3980 ,
89 3899 150 3965 sed
173 3898 271 3966 etiam
296 3898 376 3964 nihil
397 3897 460 3964 nisi
482 3899 662 3984 fragmenta
688 3919 761 3967 esse
783 3900 1023 3987 contenderent,
1045 3900 1102 3968 alii
1124 3920 1180 3967 eas
1202 3897 1368 3967 aTibullo

11 3997 17 4005 '
90 4003 220 4069 omnino
241 4022 307 4069 non
328 4001 464 4087 scriptas
486 4023 558 4070 esse
579 4010 773 4088 putaverunt
794 4009 892 4087 atque
914 4004 1076 4090 Sulpiciae
1099 4003 1255 4095 poetriae,
1285 4019 1368 4085 quae

90 4105 278 4174 Domitiano
295 4105 473 4191 imperante
488 4106 558 4192 unt,
575 4128 639 4174 nou
657 4109 794 4192 tempori
809 4109 955 4193 Augusto
973 4109 1164 4174 tribuerunt.
1202 4106 1368 4196 (tappet)

89 4214 204 4278 contra
225 4209 366 4280 carmina
387 4209 463 4275 inde
485 4211 526 4277 ab
549 4211 651 4278 altero
673 4231 775 4295 usque
796 4211 840 4278 ad
861 4211 1082 4280 duodecimum
1102 4212 1138 4278 in
1158 4209 1239 4278 duas
1257 4214 1367 4294 partes

90 4333 166 4382 esse
188 4313 363 4382 dividenda
383 4317 491 4398 putat3
520 4334 653 4398 quarum
674 4315 813 4400 priorem
835 4315 957 4400 elegias
979 4315 1054 4384 iude
1077 4318 1119 4384 ab
1141 4316 1245 4383 altera
1265 4333 1368 4398 usque

177 4525 200 4595 ¹)
219 4525 255 4583 et
277 4524 380 4594 Krafft
399 4524 436 4581 de
454 4524 573 4596 artibus,
591 4538 663 4595 quas
681 4523 813 4580 Tibullus
832 4528 862 4580 et
874 4524 1038 4595 Lygdamus
1055 4525 1085 4580 in
1102 4523 1235 4580 versibus
1253 4521 1365 4580 coucin

219 4612 321 4667 nandis
339 4610 540 4667 adhibuerunt.
575 4611 656 4666 Halis
675 4611 750 4666 1874.
768 4628 796 4682 p.
815 4612 839 4666 1.

178 4696 200 4769 ²)
220 4697 255 4764 ei.
273 4697 304 4765 Q.
323 4698 354 4766 T.
374 4697 500 4770 (imbue,
518 4697 589 4776 „Die
607 4697 748 4764 romische
766 4691 893 4772 Elegid‘,
911 4696 1030 4770 Leippig
1048 4697 1125 4767 1838,
1142 4712 1170 4768 p.
1186 4695 1231 4759 47.
